3042 5140
716 601 779 664 185

263 779 355 851 simul
377 792 470 867 atque
488 776 550 843 hoc
571 777 736 867 legissent,
761 779 840 844 mire
861 779 1011 846 retardari
1035 781 1068 845 in
1080 782 1221 860 scriben—
1324 777 1328 788 '

263 901 303 965 do
321 903 350 968 ¹.
400 898 561 988 Quidquid
587 913 632 965 est
645 948 655 977 ,
679 898 803 964 libellus
827 922 890 965 non
912 901 1001 966 valde
1024 899 1222 990 pervulgatus
1314 937 1319 944 ·

263 1025 392 1110 ejusque
415 1031 632 1108 argumentum
652 1021 786 1106 maxime
810 1022 842 1084 in
864 1023 1218 1102 causisluissevidetur,

264 1141 348 1231 quod
381 1160 490 1205 aerum
519 1152 660 1205 nostrum
691 1163 754 1206 non
784 1142 903 1210 tulerit.
958 1143 1064 1208 Mirari
1093 1164 1220 1232 quoque

262 1265 367 1342 subit,
401 1285 419 1326 a
449 1263 572 1350 Nepote
593 1263 687 1327 verbo
710 1275 830 1329 tantum
851 1286 887 1328 ea
908 1264 947 1329 de
968 1287 1002 1328 re
1020 1265 1214 1330 mentionem

263 1385 352 1464 lieri,
385 1383 459 1450 licet
487 1385 670 1473 ceteroquin
699 1384 739 1448 de
763 1384 887 1472 scriptis
910 1386 1008 1452 Attici
1033 1388 1105 1451 satis
1126 1408 1220 1451 accu-

263 1519 329 1572 rate
351 1505 526 1572 tradiderit.

308 1628 401 1693 Plura
431 1627 470 1691 dc
504 1626 601 1716 altero
625 1627 724 1693 Attici
747 1650 863 1715 opere,
888 1652 1001 1695 necea
1022 1644 1128 1696 tamen
1150 1631 1221 1696 satis

264 1745 423 1830 dilucida,
448 1772 483 1815 er
504 1751 642 1839 antiquis
661 1751 771 1815 afferre
792 1774 966 1838 possumus.
1014 1751 1128 1818 Totum
1142 1753 1221 1819 illud

264 1873 448 1939 historicum
472 1872 600 1960 quidem
623 1873 684 1936 fuit
696 1922 706 1951 ,
726 1871 779 1936 scd
800 1872 1028 1961 itascriptum,
1053 1886 1088 1938 ut
1097 1872 1222 1936 brevem

264 1993 357 2058 simul
379 1992 591 2058 Romanarum
618 1993 760 2082 gentium
777 1993 987 2082 genealogiam
1000 1992 1227 2083 complectere,

265 2126 328 2180 tur.
376 2113 437 2178 Res
465 2111 620 2178 Romanus
648 2115 781 2178 maxime
792 2160 802 2191 ,
837 2138 853 2178 a
884 2116 986 2203 prima
1007 2115 1081 2179 inde
1104 2114 1222 2203 origiue

265 2234 372 2312 urbis,
407 2255 463 2322 per
496 2236 764 2321 septingentorum
785 2235 864 2300 adeo
884 2257 1039 2300 annorum
1063 2235 1222 2324 spatium,

265 2355 388 2422 Atticus
422 2376 485 2420 uno
512 2355 574 2419 ,illo
604 2354 685 2420 libro
721 2354 901 2443 colligavit,
925 2353 1112 2421 conservatis
1133 2353 1226 2420 simul

265 2481 441 2570 notatisque
470 2479 686 2568 temporibus,
721 2477 801 2543 nihil
826 2501 923 2569 quum
946 2478 1064 2560 illustre
1083 2493 1223 2566 praeter-

180 2595 182 2598 ’
264 2601 451 2670 mitteret&
498 2600 576 2665 lude
609 2603 685 2687 opus
706 2622 795 2664 suurn
816 2599 1011 2665 Annalem³
1040 2611 1149 2665 auctor
1169 2599 1222 2660 in-

266 2723 411 2810 scripsit,
437 2723 526 2809 cujus
550 2721 670 2810 generis
692 2742 756 2786 csse
777 2721 983 2786 censebantur
995 2719 1097 2783 omnia
1110 2739 1222 2806 opera,

265 2865 345 2932 quac
366 2865 413 2908 res
430 2855 527 2931 gestas
546 2842 686 2931 plurium
699 2864 874 2921 annorum,
901 2844 1059 2908 observato
1071 2841 1221 2928 cujusque

304 3045 313 3076 ¹
353 3053 416 3106 Lib.
435 3053 478 3104 Il.
498 3055 550 3119 Ep.
568 3053 691 3120 20.§6.
758 3078 763 3088 ·

302 3155 313 3187 ²
355 3155 396 3202 Ita
417 3151 474 3218 sere
492 3153 585 3228 §icero
603 3154 673 3205 Orat.
688 3171 714 3207 c.
735 3151 855 3207 xxxiv.

303 3242 314 3275 ³
354 3253 439 3319 Nepos
463 3253 513 3303 Vn.
534 3252 646 3306 Honori.
662 3269 688 3304 c.
708 3247 785 3303 XIII.
804 3252 817 3320 5
838 3249 945 3319 13Cie.
967 3254 1221 3306 adntt.bih.xt1.

264 3354 315 3420 Ep.
332 3353 376 3404 23.
394 3353 407 3420 5’
426 3353 453 3404 2.
489 3352 541 3402 lloc
559 3355 669 3402 nomine
690 3352 749 3418 ipsa
770 3352 854 3402 Attici
878 3361 966 3404 aetate
982 3352 1055 3402 liber
1077 3349 1126 3402 illo
1142 3359 1222 3401 notus

265 3454 349 3505 luisse
382 3453 501 3505 ridetur.
540 3453 653 3530 Arinates
684 3461 798 3504 vocatur
830 3455 865 3504 ab
894 3457 990 3506 Ascon.
1017 3433 1082 3505 r‘ed.
1110 3453 1142 3504 ad
1166 3455 1221 3506 Cic.

264 3555 335 3607 Orat.
368 3557 393 3605 in
413 3554 446 3605 B.
461 3555 576 3620 Pisonen
594 3571 620 3604 c.
639 3550 721 3602 Xllll.
743 3554 836 3620 Operis
854 3552 1053 3620 praestantiam
1072 3556 1223 3618 significans

265 3657 355 3706 Cicero
385 3655 545 3704 thesaurorum
574 3652 686 3702 nomine
715 3651 788 3703 illud
814 3662 912 3714 vocat,
933 3655 991 3704 Lib.
1012 3653 1053 3706 ll.
1070 3655 1099 3704 de
1117 3654 1224 3704 ΠΜ.

264 3754 308 3805 91.
337 3754 353 3818 §
381 3754 426 3805 67.
456 3753 545 3820 Neque
572 3750 653 3801 aliter
675 3751 838 3818 explicanda
862 3752 1039 3815 existimem,
1058 3769 1128 3817 quae
1146 3753 1220 3801 idern

264 3849 362 3903 scribit
395 3849 459 3905 Lib.
483 3852 539 3906 XV.
567 3854 599 3904 ad
623 3851 677 3903 An.
697 3854 745 3920 Ep.
765 3855 808 3908 27.
827 3853 841 3923 §
860 3855 897 3906 ‘la
929 3854 1093 3903 «Exeudam
1113 3853 1221 3920 aliquid

265 3934 501 4021 'Ilpcnlisrlrtom
538 3953 611 4019 quod
643 3953 728 4004 latent
761 3955 788 4004 in
817 3955 936 4005 thesauris
965 3955 1067 4015 tuis»,
1096 3953 1220 4021 quamvfs

266 4049 347 4113 vulgo
369 4053 402 4101 dc
427 4051 510 4102 Attici
532 4051 700 4104 bibliotheca
724 4055 806 4106 verba
828 4051 876 4102 illa
899 4053 1079 4118 accipiuntur.
