3042 5140
794 586 856 649 192

336 782 382 834 ter
413 767 549 857 potuisse
582 763 735 829 declarari
774 767 802 830 ¹.
858 763 1019 854 Tanquam
1043 769 1205 830 saeviliam
1240 771 1300 830 iu-

334 896 462 953 ventam
504 884 653 978 proponit
703 883 787 949 idern
825 883 974 964 Plinius,
1019 887 1110 972 quod
1144 889 1305 976 vulgares

338 1010 465 1097 exeipit
494 1009 683 1095 imagines,
717 1019 747 1069 et
766 1025 831 1091 quo
854 1009 983 1085 etium,
1009 1029 1095 1093 quae
1115 1029 1181 1071 non
1202 1019 1304 1087 sunl,

233 1169 238 1180 κ
329 1127 534 1216 finguntur,
562 1129 770 1213 perderetque
800 1125 976 1191 desideria
994 1150 1059 1191 non
1083 1129 1210 1193 traditi
1229 1133 1304 1194 eul-

342 1259 408 1317 tus.
475 1245 680 1333 «imaginum
731 1267 896 1328 amore»,
951 1247 1078 1337 inquit,
1129 1249 1305 1338 «flagrasse

339 1365 518 1456 quondam,
565 1368 658 1431 testes
699 1379 770 1431 sunt
808 1378 839 1431 et
875 1366 998 1432 Atticus
1030 1367 1084 1432 ille
1120 1368 1305 1451 Ciceronis,
1340 1431 1343 1436 ,

342 1487 426 1552 edito
456 1486 496 1550 de
524 1485 572 1550 his
602 1486 760 1553 volumine
787 1493 827 1568 ²,
863 1502 894 1555 et
927 1492 1050 1557 Marcus
1085 1492 1208 1556 Varro³
1249 1496 1307 1558 be·

343 1605 522 1694 nignissimc
571 1607 722 1686 invento,
770 1609 893 1674 insertis
938 1610 1134 1677 voluminum
1177 1635 1306 1681 suorum

344 1727 530 1794 fecunditati
560 1751 623 1792 non
664 1730 845 1796 nominibus
878 1743 1002 1797 tanturn
1037 1735 1307 1822 septingentorum

346 1847 539 1927 illustrium,
576 1847 629 1914 sed
665 1861 696 1913 ct
731 1850 836 1939 aliquo
869 1851 962 1915 modo
996 1851 1204 1942 imaginihus:
1242 1876 1308 1918 non

344 1989 448 2059 passus
476 1968 664 2034 intercidere
687 1971 823 2056 figuras,
848 1983 1096 2038 autretustatem
1109 1972 1177 2038 aeri
1198 1985 1307 2041 contra

344 2090 486 2156 homines
516 2089 641 2168 valere,
667 2093 810 2154 inventor
831 2092 969 2156 muneris
1000 2092 1094 2156 etiarn
1121 2093 1188 2158 Diis
1221 2095 1307 2159 inri-

344 2215 442 2292 diosi,
487 2214 611 2300 quando
648 2213 921 2279 immortalitatem
965 2237 1030 2279 non
1064 2215 1165 2280 solum
1196 2215 1309 2298 dedit,

346 2357 456 2400 rerum
481 2334 577 2398 etiarn
595 2334 628 2397 in
662 2357 768 2400 omnes
800 2347 895 2400 terras
926 2336 1034 2416 misit,
1069 2348 1103 2399 ut
1133 2351 1309 2426 praesentes

346 2479 409 2523 esse
430 2455 548 2545 ubique
584 2470 616 2520 et
648 2455 753 2522 claudi
786 2469 909 2546 possent
923 2460 989 2523 »4.
1049 2456 1183 2522 Videtur
1213 2457 1309 2546 igitur

388 2647 397 2680 1
437 2634 522 2697 Nepos
541 2631 563 2681 l.
582 2631 632 2703 l.§
663 2631 745 2698 5,6.

385 2735 397 2768 ²
437 2733 556 2800 Lepidus
587 2741 627 2784 cst
649 2731 781 2785 llarduini
810 2749 911 2796 error,
937 2730 1003 2781 haec
1030 2731 1149 2780 notantis
1172 2729 1207 2780 ad
1225 2727 1310 2781 Plinii

349 2837 453 2888 verba:
485 2833 637 2884 «volumen
666 2832 740 2884 illud
768 2851 782 2882 c
812 2828 941 2884 Cicerone
966 2831 1119 2896 scriptum,
1143 2827 1187 2880 cui
1211 2845 1310 2880 nomeu

350 2934 416 2984 fecit
430 2933 553 2996 Atticus,
573 2932 681 2998 penitus
700 2928 873 2981 intercidit».

389 3025 400 3058 ³
438 3031 571 3099 Deopcre
593 3030 644 3082 lroc
662 3028 815 3092 Varronis,
845 3031 920 3099 quod
944 3037 1020 3082 vocat
1041 3025 1136 3080 Cicero
1152 3028 1213 3080 Lib.
1235 3022 1308 3079 XVI·

353 3135 401 3201 Ep·
420 3137 464 3187 11.
482 3135 498 3200 §
524 3135 563 3198 3,
593 3133 816 3203 Πεπλογραφίαν
838 3132 966 3199 quodque
988 3132 1152 3198 inscriptum
1170 3129 1224 3180 l'uit
1243 3131 1312 3180 Heb-

351 3235 475 3285 atatam„
495 3235 551 3286 ave
577 3235 607 3285 n
631 3235 780 3302 rmagznns
804 3235 880 3298 rau,
900 3234 956 3286 vra.
979 3211 1141 3298 rannerus,
1168 3233 1236 3285 aar
1255 3234 1314 3285 aa.

350 3337 429 3387 Pom.
454 3335 480 3385 Ι.
508 3335 565 3384 Lib.
592 3333 619 3386 I.
641 3353 663 3383 r.
696 3339 719 3388 7.
748 3334 762 3401 §
787 3335 835 3385 125
854 3351 917 3400 sq.;
936 3331 1136 3397 Schneiderus,
1157 3334 1244 3401 Script.
1262 3333 1313 3384 Ilei

333 3435 421 3512 tlieu.
445 3435 522 3484 Pom.
553 3434 576 3484 1.
605 3435 633 3484 P.
654 3433 692 3481 Il.
714 3451 742 3499 p.
761 3433 811 3484 293
830 3449 889 3499 sqq.
911 3429 953 3483 cf.
974 3433 1079 3482 Vossius
1097 3432 1120 3486 l.
1138 3431 1158 3491 l.
1176 3449 1202 3483 c.
1220 3433 1263 3483 12.
1282 3449 1314 3497 p·

353 3535 397 3584 18.
431 3528 596 3593 Mougaltius
624 3539 737 3595 autem,
764 3534 840 3583 Pom.
866 3530 914 3582 Vl.
940 3551 969 3599 p·
993 3530 1042 3597 514
1062 3549 1102 3598 sq.
1112 3567 1122 3597 ,
1141 3533 1314 3602 Πεπλογρα-

352 3634 418 3692 pice
446 3630 568 3696 accipere
602 3631 710 3683 mavult
741 3633 774 3683 dc
797 3632 952 3684 Academicis
972 3631 1184 3696 Ciceronis,·ad
1206 3627 1315 3681 Varro-

353 3747 415 3780 nem
438 3728 566 3797 scriptis;
594 3730 639 3781 sed
669 3733 767 3784 arserito
801 3734 859 3800 ipse
886 3752 912 3784 sc
939 3731 1041 3784 nescire
1059 3735 1223 3798 profitetur,
1243 3749 1313 3798 quo·

353 3829 434 3879 modo
468 3829 576 3882 Tullius
614 3831 664 3882 tali
698 3835 809 3884 nomine
845 3851 925 3885 suum
959 3831 1038 3884 illud*
1072 3851 1139 3902 opus
1172 3831 1312 3900 appellare

354 3929 498 3994 potuisset.

392 4023 404 4058 Α
442 4029 546 4082 Plinius
565 4034 634 4085 Hist.
655 4038 716 4088 Nat.
736 4038 793 4087 Lib.
814 4031 911 4087 XXXV·
930 4053 953 4084 o.
974 4036 998 4086 2.
