3042 5140
757 609 831 672 :tes

346 783 508 848 niunururn
538 805 675 872 unquam
695 776 810 873 sylloge
841 786 991 852 exstiterit
1008 791 1037 856 ¹.
1089 785 1189 854 'Nune
1215 811 1297 854 'reru

346 1064 374 1112 in
394 1080 494 1130 corpus
516 1079 569 1116 non
598 1061 682 1114 luisse
700 1061 835 1126 reduetus,
857 1061 904 1112 sed
923 1060 1034 1126 lleputis
1053 1064 1149 1122 rogatu
1167 1056 1296 1122 colligere

332 1177 385 1212 «ese
401 1161 552 1213 constituit.
591 1163 678 1227 Quum
698 1175 763 1212 veru
781 1159 846 1210 'liro
869 1157 984 1209 haberet
1002 1158 1090 1209 instar
1106 1159 1294 1225 septuaginta,

338 1262 474 1328 quaedum
500 1263 556 1312 sibl
583 1263 618 1312 ab
638 1261 729 1315 Attico
750 1260 894 1312 sumendus
919 1260 1034 1326 scribit,
1052 1276 1123 1328 quas
1137 1265 1293 1326 perspectas

338 1366 421 1427 atque
442 1366 577 1424 correctus
599 1359 707 1412 ederat·
734 1359 854 1428 ltaque,
881 1359 943 1412 rito
966 1357 1116 1424 Cicerone,
1145 1357 1293 1422 colligendi

339 1464 365 1508 et
393 1457 534 1522 digerendi
558 1457 672 1509 initium
698 1459 763 1510 ‘l'iro
790 1459 982 1511 verisimiliter
1008 1457 1123 1522 lecerit,
1149 1459 1196 1508 sed
1223 1475 1292 1509 num

338 1554 497 1624 conjunctas
519 1573 629 1622 quoque
648 1556 789 1621 ediderit,
808 1557 933 1608 dubitari
952 1557 1053 1622 debet,
1081 1575 1168 1624 quum
1192 1557 1227 1606 in
1256 1559 1292 1607 iis

335 1653 512 1707 inveniantur
520 1691 531 1720 ,
551 1672 619 1721 quas
633 1653 742 1705 ‘l'ullius
751 1655 794 1720 ,si
812 1656 911 1707 seviro
929 1654 1043 1706 fuissent
1051 1655 1160 1720 editae,
1182 1655 1290 1723 publici

333 1755 407 1826 juris
423 1754 520 1823 procul
537 1755 622 1807 dnbio
642 1755 718 1807 haud
737 1755 857 1808 lecisset.
888 1753 1031 1806 'l'unstallu
1054 1762 1167 1820 antem,
1192 1763 1288 1807 eontra

333 1855 534 1908 lliddletununr
563 1856 759 1920 contendenti,
787 1855 808 1904 1.
837 1853 856 1904 l.
890 1872 917 1920 p.
954 1854 1008 1918 15,
1028 1855 1212 1921 Epistulae-una
1231 1857 1290 1922 sylv

333 1953 434 2022 logon,
452 1971 536 2022 quarn
554 1953 637 2006 hodie
655 1953 808 2019 habemus,
833 1969 887 2006 nun
904 1973 919 2004 a
941 1954 1061 2020 Tirone,
1074 1956 1125 2006 sed
1146 1958 1180 2007 ab
1198 1957 1288 2012 Attico

331 2053 406 2106 tueri
424 2053 505 2106 cauas
521 2053 621 2106 laetam
642 2053 725 2104 fuisse
735 2088 746 2118 ,
765 2071 832 2104 nnrn
847 2051 905 2104 ulla
923 2055 960 2104 sit
970 2053 1036 2104 fides
1047 2052 1195 2120 habenda,
1212 2054 1287 2124 diju-

331 2157 404 2208 dicet
423 2159 581 2223 quicunque
596 2155 737 2222 Pomponii
756 2154 894 2218 ingenium
916 2152 1069 2205 accuratius
1089 2153 1281 2220 exploraverit.

367 2249 378 2283 ¹
419 2253 512 2304 Editus
528 2270 581 2303 non
601 2252 684 2304 luisse
702 2252 841 2304 existimat
858 2252 983 2303 Middlet.
1002 2255 1077 2302 rom.
1102 2251 1157 2304 lll.
1172 2273 1199 2322 p.
1212 2252 1282 2321 419,

326 2353 411 2421 idque
430 2351 484 2404 -rir
512 2350 623 2403 aliunde
654 2349 832 2417 repetendum
858 2349 926 2400 dicit
948 2363 1033 2416 quarn
1050 2367 1066 2400 e
1086 2349 1212 2402 untione
1232 2352 1283 2404 At-

326 2451 396 2515 tici,
422 2448 542 2504 rerentis
551 2483 564 2513 ,
589 2465 623 2500 ne
649 2465 713 2500 suae
735 2447 770 2496 ad
793 2447 948 2498 ciceronem
966 2445 1102 2512 Epistulae
1123 2447 1281 2514 divulgatae

325 2551 379 2602 sibi
410 2548 503 2617 aliquo
534 2547 620 2598 modo'
643 2553 770 2598 nocerent
796 2552 823 2594 et
850 2546 968 2610 gratiam
995 2543 1199 2612 infringerent,
1225 2567 1279 2616 qua

323 2650 396 2718 apud
416 2666 500 2702 novos
518 2645 685 2714 reipublicae
707 2643 832 2694 dominos
847 2643 966 2694 floreret.
1004 2643 1072 2692 lium
1088 2643 1189 2708 igitur,
1202 2663 1278 2696 mor.

324 2758 371 2801 tuo
400 2747 546 2812 Cicerone,
570 2764 635 2798 enas
665 2742 799 2810 Epistola-s
829 2742 924 2792 'l'ironi
952 2740 1097 2793 abstulisse
1114 2749 1141 2793 et
1157 2745 1276 2796 studiose

320 2849 486 2900 obscurasse.
523 2843 564 2898 Cl.
584 2845 676 2896 Abbas
695 2843 728 2892 de
747 2843 784 2892 St.
804 2839 890 2903 tteal,
916 2842 982 2906 Opp.
1002 2841 1077 2890 Tum.
1104 2839 1157 2892 lll.
1176 2861 1202 2910 p.
1225 2843 1272 2898 377

320 2961 360 3011 sq·
397 2946 512 3010 Negavit
532 2943 599 2995 haec
617 2941 774 2996 'l'unstallus
793 2940 812 2990 l.
832 2940 851 2990 1.
860 2975 872 3004 ,
890 2942 919 2991 in
938 2938 1075 2994 Ciceronis
1094 2942 1186 2994 minua
1205 2944 1273 2997 dili-

317 3052 425 3109 gentem
456 3045 718 3096 custodiam·tutem
733 3040 844 3110 eulpam
861 3039 1014 3092 confitens.
1035 3040 1189 3108 Equidem,
1205 3059 1274 3110 pru·
1305 3093 1311 3107 ,

315 3151 377 3209 pter
404 3143 513 3210 Nepotis
542 3144 625 3194 etiam
653 3140 818 3206 silentium,
845 3139 934 3189 editas
961 3136 1095 3202 Epistulas
1112 3153 1168 3187 non
1187 3136 1272 3190 fuisse

315 3241 442 3293 lubenter
468 3243 569 3310 eredo,
602 3242 648 3293 sed
670 3258 780 3294 cansam
799 3238 843 3290 vel
863 3240 892 3290 in
911 3234 997 3288 Attici
1017 3237 1149 3288 modestia
1172 3255 1271 3304 ponam

313 3341 358 3394 vel
380 3341 434 3392 alia
456 3343 577 3410 quadarn
600 3340 628 3391 in
655 3359 695 3392 re.
730 3341 787 3390 Non
812 3337 936 3389 omniurn
963 3354 1125 3402 magnorum
1146 3338 1270 3391 virorum

311 3441 448 3508 Epistulae
460 3444 593 3508 eduntur,
622 3459 708 3510 neque
722 3459 782 3493 suas
792 3442 872 3494 edere
887 3440 1001 3492 fortasse
1012 3437 1137 3493 Ciceroni
1148 3441 1176 3492 in
1192 3459 1270 3494 men·

312 3547 367 3590 tenr
379 3542 516 3606 venisset,
536 3541 565 3592 ni
576 3542 660 3606 Nepos
669 3541 841 3608 postulasset.
870 3540 1010 3607 Quidquid
1020 3549 1060 3592 est
1072 3576 1082 3605 ,
1100 3539 1269 3594 Middletoui

311 3636 383 3688 ratio
420 3655 520 3705 purum
557 3640 692 3706 procedit.
737 3640 844 3692 Atticus
875 3639 949 3692 enim
979 3641 1046 3692 bene
1071 3643 1267 3710 perspexerit,

310 3737 429 3792 editione
462 3737 667 3806 Epistularum,
696 3757 763 3806 quas
792 3741 826 3790 ad
849 3757 876 3792 ae
904 3736 998 3792 Cicero
1026 3739 1162 3806 scripsit,
1190 3759 1265 3794 suana

305 3835 376 3890 item
401 3857 459 3891 rem
483 3839 544 3906 agi,
570 3841 651 3910 cujus
673 3841 775 3908 quippe
798 3841 936 3906 cogitandi
962 3841 1111 3910 agendique
1135 3841 1207 3895 ratio
1231 3843 1265 3896 iir

296 3933 372 4004 ipsis
399 3938 538 3994 evidenter
563 3950 732 4010 exponutnr;
760 3950 791 3996 ut
819 3943 939 4008 intelligi
968 3943 1015 3996 rix
1037 3945 1145 4010 possit,
1163 3945 1263 4013 quidni

304 4041 377 4106 apud
396 4039 528 4094 vl'iruusns
552 4041 656 4108 pariter
680 4042 828 4094 studuisset
851 4044 974 4110 efficere,
1004 4062 1036 4096 ne
1071 4043 1263 4100 Ciceronianae
1341 4071 1343 4076 ,
1380 4097 1385 4105 ,
