2970 5144
552 760 670 818 CAPUT
693 759 864 819 TERTIUM

330 945 392 982 vm
425 944 516 984 rrrrct
539 945 573 981 AB
595 944 663 982 Anno
685 945 794 988 ternus
817 943 1051 981 UNDESEXAGESHIO
1079 944 1112 980 ln

560 1080 747 1118 sextorsmurr
769 1081 884 1118 ssxrtttt.
934 1125 936 1130 ,

399 1198 443 1246 At
462 1197 553 1250 m.
573 1199 601 1248 C.
620 1197 758 1248 tol-711
778 1195 832 1266 (A.
853 1197 881 1247 C.
901 1195 1029 1264 50-43).

274 1350 377 1404 Bellum
402 1351 478 1404 civile
499 1353 696 1406 Caesarianum.
737 1351 879 1412 Ciceroni,
901 1353 933 1404 ad
954 1353 1050 1405 urbem
1072 1353 1205 1412 moranti,

240 1450 344 1504 Atticus
361 1449 475 1505 consulit
488 1453 665 1522 ,omniumque
685 1469 773 1504 rerum
795 1471 853 1504 eum
874 1451 1099 1504 lacitcertiorem.
1138 1450 1209 1504 Con-

242 1546 305 1601 silia
320 1547 467 1605 haesitanti
486 1552 604 1604 Ciceroni
624 1570 639 1603 a
657 1551 811 1620 Pomponio
833 1551 914 1616 data,
934 1568 1042 1619 quntum
1063 1548 1108 1602 ille
1122 1548 1209 1602 admi-

242 1656 317 1699 ratur
334 1650 533 1715 praestantiam.
568 1651 672 1702 Atticus
693 1649 793 1719 ipsein
813 1649 940 1702 civilitas
958 1647 1013 1702 illis
1022 1647 1208 1702 altercationi·
1247 1706 1252 1714 ‚

241 1745 289 1796 bus
316 1745 417 1798 neutris
436 1764 464 1799 se
481 1747 613 1814 partibus
631 1746 718 1816 palam
736 1747 855 1808 addicit,
876 1747 920 1800 sed
941 1748 1024 1800 utitur
1044 1745 1140 1800 aetatis
1162 1765 1207 1798 va-

239 1844 355 1897 catione.
390 1843 610 1924 Pompejanorum
629 1845 661 1898 ad
672 1843 829 1898 Pharsalum
838 1844 927 1900 clades
944 1882 951 1906 ,
976 1845 1099 1899 salutaris
1110 1829 1207 1899 Atlico.

241 1943 315 2012 Apud
342 1948 477 1996 Caesarem
507 1945 593 2012 gratia
621 1942 714 2004 floret,
743 1961 794 2013 qua
821 1955 897 1996 utens
917 1942 1034 1997 multum
1053 1945 1086 1996 ad
1105 1949 1209 1997 cansa'm

242 2039 325 2094 Tullii
351 2042 543 2112 expediendam
563 2043 689 2098 confert.
722 2041 826 2110 Magnis
845 2043 915 2095 curis
935 2043 1085 2112 premitur,
1107 2045 1134 2094 in
1153 2045 1210 2112 pri-

241 2141 292 2194 mis
318 2158 396 2193 eausa
422 2141 534 2211 quadam
565 2140 729 2203 Buthrotia,
748 2159 815 2211 quae
835 2141 922 2210 qualis
941 2141 1040 2202 luerit,
1062 2143 1211 2211 exponitur.

240 2237 394 2292 Ciceronem
408 2273 415 2299 ,
436 2237 506 2292 filiae
517 2253 634 2292 mortem
646 2239 826 2308 deplorantem
839 2275 846 2299 ,
868 2238 1028 2294 amicissime
1041 2239 1207 2308 consolatur,

243 2349 271 2389 et
288 2336 371 2388 variis
390 2336 541 2390 nominibus
561 2337 587 2388 ei
604 2335 712 2389 auxilio
732 2349 783 2391 est.
820 2335 918 2390 Filiam
938 2339 1041 2395 Atticus
1061 2357 1133 2392 snam
1153 2339 1211 2392 col·

245 2433 334 2486 locare
374 2433 492 2500 cogitat,
524 2435 592 2502 quod
620 2435 670 2504 ipsi
700 2435 862 2505 aliquamdiu
890 2448 949 2505 post
975 2453 1097 2507 prospere
1125 2437 1209 2491 cedit.

244 2537 337 2602 Magna
355 2532 384 2585 fit
398 2534 432 2586 *in
451 2533 558 2606 civitate
576 2534 713 2586 conversio
732 2551 793 2588 nece
813 2532 948 2588 Caesaris.
990 2535 1119 2590 Defendit
1136 2536 1203 2590 hanc

244 2635 347 2688 Atticus
376 2645 403 2686 et
428 2645 499 2704 spem
531 2633 648 2701 concipit
666 2631 826 2702 reipublicae
846 2634 1034 2687 restituendae.
1070 2636 1142 2688 Nova
1161 2647 1206 2704 tp-

218 2728 227 2740 ”
243 2732 354 2786 rannide
373 2735 450 2794 orta,
471 2733 503 2786 ds
522 2749 566 2801 spe
586 2731 693 2785 decidit.
733 2731 879 2784 Hostilitcr
899 2749 913 2783 a
932 2733 1209 2802 quibusdampetitur.
1257 2707 1260 2718 Ι

244 2831 327 2888 Bruto
356 2832 442 2885 favere
471 2832 556 2900 pergit
574 2843 601 2883 et
619 2829 783 2900 opitulatur,
809 2830 853 2884 sed
873 2831 929 2886 sine
947 2830 1073 2885 factione.
1109 2831 1208 2884 lecirco

244 2933 347 2984 aerario
372 2931 396 2984 ei
417 2930 601 2984 constituendo
620 2936 742 3000 prae'essc
762 2947 813 2982 non
833 2928 898 2982 vult.
935 2929 1050 2984 Antonio
1070 2947 1121 2983 nnn
1141 2930 1207 2984 adu-

245 3030 327 3082 latur.
372 3027 542 3090 Ciceronem,
572 3028 655 3080 Roma
683 3029 839 3093 absentem,
859 3027 978 3081 consiliis
997 3029 1113 3095 adjurat.
1148 3028 1208 3098 lpse
1259 3040 1263 3046 '

245 3128 272 3179 in
291 3127 354 3179 urlrc
373 3139 500 3180 moratur.
535 3166 542 3181 .
581 3166 589 3179 .
630 3167 637 3184 .
679 3163 687 3179 .
727 3166 732 3184 .
768 3165 776 3188 ,
815 3165 822 3178 .
862 3161 870 3177 .
907 3167 914 3186 ,
953 3163 961 3180 .
998 3161 1007 3177 .
1043 3147 1069 3194 p.
1089 3128 1206 3180 68-94.

560 3395 678 3453 cnrur
701 3394 892 3468 oolnrmr.

279 3605 281 3612 Ι
332 3554 333 3558 ’
355 3554 418 3591 VITA
441 3553 532 3592 turcl
555 3553 590 3589 AB
613 3551 680 3589 tttno
702 3549 813 3588 aestus
834 3550 1000 3588 SEXAGESIBIO
1020 3551 1098 3588 SEXTO

638 3688 674 3724 Al)
696 3686 814 3724 nostru.

411 3810 456 3858 Ab
473 3809 513 3859 A.
534 3807 566 3858 rs.
588 3808 617 3857 o.
636 3805 775 3856 711-722
792 3803 845 3875 (A.
863 3807 893 3858 c,
911 3803 1038 3874 trs-32).

254 4021 257 4031 ,
282 3959 384 4014 Bellum
395 3961 562 4015 Mutinense.
581 3961 705 4026 Profugit
724 3962 853 4014 Antonius
878 3960 1031 4030 patriaeque
1050 3957 1135 4012 hostis
1156 3959 1204 4011 de·

247 4058 373 4114 claretur.
409 4060 472 4128 Ejus
498 4064 575 4128 urori
604 4073 631 4114 et
657 4059 749 4112 liberis
773 4059 933 4129 Pomponius
961 4057 1085 4112 consulit.
1131 4055 1203 4110 Alios
