3042 5146
695 615 752 676 rar
794 691 797 696 ¹

244 793 341 858 truci
354 791 457 856 laudes
471 841 480 874 ,
505 815 579 882 quas
595 792 735 881 religiose
747 816 764 856 e
776 806 917 859 aeterum
937 794 1060 883 scriptis
1071 794 1192 858 haustas

242 912 416 979 retulimus.
440 912 480 978 Et
502 923 623 992 tamen,
647 913 770 978 mireris
792 913 886 992 licet,
912 912 1104 980 honestatem
1125 914 1189 978 ani·

242 1031 351 1120 mique
389 1029 632 1097 candoremita
664 1030 807 1098 nonnulli
841 1031 947 1098 httico
977 1033 1190 1120 denegarunt,

242 1160 278 1212 nt
317 1171 537 1240 quameunque
572 1152 720 1243 virtutem
755 1153 785 1216 ei
818 1151 1005 1240 adscriptam
1037 1153 1194 1233 vidimus,
1266 1203 1269 1212 .

241 1269 349 1336 falsam
369 1270 455 1336 illam
479 1295 515 1338 ae
542 1272 718 1340 simulatam
751 1272 874 1361 scriptis
906 1270 966 1336 suis
994 1272 1192 1338 declararint.

241 1389 369 1480 Singula
390 1393 521 1459 crimina
545 1391 699 1482 expedire
729 1415 788 1458 nec
817 1404 905 1458 vacat
933 1414 991 1456 nec
1020 1414 1096 1480 epus
1125 1405 1191 1472 est;

240 1511 292 1576 sed
315 1535 414 1601 quum
434 1513 564 1578 redeant
582 1514 686 1578 omnia
711 1513 749 1578 ad
772 1515 980 1578 simulatum.
1004 1514 1101 1578 httici
1133 1512 1193 1577 hu-

240 1629 446 1710 manitatem,
476 1631 515 1696 de
547 1630 607 1696 hac
640 1631 813 1696 accuratius
848 1654 938 1722 agere
966 1654 1020 1696 nos
1051 1644 1082 1696 et
1103 1632 1195 1718 juvat

241 1761 273 1812 et
300 1762 445 1837 oportere
477 1748 611 1817 videtur.

287 1871 325 1936 ln
347 1871 521 1959 prioribus,
546 1892 627 1959 quae
648 1871 686 1935 ad
722 1893 777 1936 nos
806 1883 1035 1960 pervenerunt,
1062 1869 1193 1936 Cicero-

243 1991 290 2056 nis
318 1992 357 2056 ad
384 1991 525 2058 Atticum
556 1989 727 2080 Epistolis‚
761 1991 954 2055 mentionem
989 1991 1042 2055 ille
1072 1989 1193 2084 saepius

240 2112 316 2178 lacit
336 2111 375 2178 de
386 2113 543 2180 simultate
565 2113 724 2202 quadam,
748 2113 833 2179 hunc
854 2111 936 2178 inter
948 2126 978 2178 et
1001 2113 1193 2200 Luccejum,

240 2231 379 2298 nobilem
410 2234 533 2312 virum,
570 2235 691 2302 oborta.
748 2236 834 2318 Quae
862 2258 951 2300 causa
982 2235 1192 2300 altercationis

240 2353 336 2418 fuerit
349 2384 359 2431 3
383 2352 516 2417 dubium
529 2365 596 2434 est;
623 2353 674 2420 sed
687 2353 809 2420 videtur
830 2355 973 2436 Atticus,
998 2355 1193 2444 aliquamdiu

241 2486 337 2550 aute,
361 2493 455 2565 quam
479 2462 596 2536 certam
626 2473 729 2538 sedern
752 2474 871 2540 Romae
899 2488 1049 2564 poneret,
1085 2489 1194 2563 captus

242 2593 337 2658 fuisse
359 2593 476 2658 arbiter
498 2591 561 2658 litis
587 2593 782 2660 dirimendae
804 2596 886 2661 inter
908 2595 1077 2684 Luccejum
1106 2597 1193 2684 ejus-

241 2737 302 2802 que
332 2713 540 2780 adversarium
558 2718 596 2793 ¹,
630 2715 802 2782 secundum
834 2715 919 2781 hunc
948 2737 1021 2780 vero
1053 2738 1195 2807 pronun·

240 2835 329 2900 tiasse
351 2857 451 2921 eoque
482 2835 611 2900 arbitrio
641 2835 812 2922 Luccejnm
847 2837 1007 2901 offendisse
1023 2844 1051 2905 ².
1112 2836 1195 2902 htti·

239 2977 315 3035 cus,
338 2953 417 3020 hacc
436 2955 518 3020 inter
539 2956 638 3021 Romal
659 2957 790 3035 relicta,
814 2971 954 3047 quaerat
976 2955 1192 3036 humanitate,

240 3076 446 3156 Ciceronem,
472 3099 672 3143 communem
685 3080 846 3167 utriusque
869 3079 1032 3156 amicum,
1057 3077 1193 3165 epistolis

238 3219 328 3286 sncpe
357 3196 460 3262 fuerat
480 3195 682 3277 adhortatus,
708 3210 742 3264 ut
763 3198 934 3285 Luoccjum
963 3197 1088 3284 placare
1118 3196 1195 3283 ipsi·

238 3341 300 3408 que
328 3317 529 3400 reconciliare
553 3317 701 3384 studeret.
734 3316 962 3405 hllcgationem
994 3312 1104 3378 Cicero
1130 3335 1195 3380 sus-

239 3442 340 3531 cepit,
365 3440 415 3506 sed
438 3440 615 3508 mirandum
634 3441 666 3504 in
687 3439 816 3504 modum
840 3437 968 3526 Lucceji
991 3435 1131 3502 animum
1152 3437 1193 3504 ab

240 3565 345 3634 Attico
368 3564 537 3630 alienatum
559 3575 604 3628 est
621 3574 786 3650 expertus,
811 3574 846 3628 ut
864 3584 904 3626 ne
925 3582 1048 3628 causam
1066 3559 1195 3650 quidem

238 3688 351 3752 elicere
371 3700 471 3776 posset
485 3685 668 3754 immutatae
691 3684 878 3764 voluntatis3
904 3682 957 3748 sed
981 3681 1194 3774 quianullum

277 3869 287 3902 1
327 3865 452 3932 Suspicor
471 3863 553 3916 luisse
572 3865 734 3918 Sallustium
763 3884 794 3916 ex
828 3866 886 3921 tib.
918 3867 942 3921 l.
972 3867 1022 3932 Ep.
1052 3869 1096 3920 11.
1124 3866 1139 3934 §
1164 3873 1191 3937 15

228 3964 287 4032 lip-
305 3965 333 4013 3.
354 3963 367 4034 §
386 3964 413 4018 3·

274 4065 284 4098 ²
324 4059 590 4117 vimmacensem
608 4066 729 4131 priorem
749 4055 1009 4122 Ciceronislocum.

1040 4171 1076 4227 9*
