3042 5146
835 547 877 606 98

386 729 547 794 Africanas
585 725 786 814 possessiones
819 723 929 788 absens
959 722 1067 788 luisset
1108 745 1124 785 a
1170 722 1353 789 Volumnio

385 851 597 940 proscriptas,
623 849 755 938 quitum
777 845 905 913 Antonii
923 857 988 910 erat
1001 845 1178 909 Praefectus
1193 845 1331 909 labrum
1346 893 1354 922 ,

385 972 467 1060 apud
500 970 585 1036 hunc
618 971 739 1035 Atticus
771 967 896 1044 effecit,
933 977 967 1030 ut
998 987 1050 1030 sua
1077 962 1206 1029 Gelidus
1239 965 1355 1028 omnia

382 1103 581 1182 recuperaret
595 1093 623 1158 ¹.
671 1089 800 1166 Verbo,
824 1085 906 1150 nihil
925 1085 1009 1151 aliud
1038 1083 1229 1173 Pomponius
1255 1086 1351 1173 egit,

384 1235 478 1301 quam
501 1223 536 1276 ut
555 1209 699 1298 plurimis
727 1220 790 1273 tam
821 1205 933 1295 opibus
956 1205 1017 1271 suis
1045 1227 1139 1295 quam
1170 1205 1232 1271 aliia
1265 1229 1351 1296 qua-

383 1354 509 1422 cunque
530 1332 651 1396 ratione
671 1330 862 1396 subveniret.
909 1329 988 1394 Nam
1012 1326 1096 1417 quod
1129 1327 1250 1392 Romae
1283 1348 1351 1392 non

381 1466 523 1543 poterat,
548 1452 581 1518 id
593 1451 625 1517 in
638 1451 736 1539 Epiro
754 1446 932 1538 praestitit,
945 1469 1009 1536 quo
1027 1468 1120 1510 nemo
1139 1447 1226 1512 uenit
1239 1469 1258 1511 e
1269 1467 1351 1535 pro·

381 1573 569 1660 scriptorum
600 1591 753 1648 numero,
783 1579 913 1656 propter
945 1567 1119 1656 praemium
1152 1589 1206 1632 suo
1242 1567 1348 1656 capiti

381 1691 564 1773 impositum
576 1688 737 1755 studioses
751 1686 842 1777 vulgo
861 1685 1031 1775 exquisitus
1043 1735 1052 1762 ,
1064 1685 1116 1750 oui
1128 1707 1192 1749 non
1212 1685 1346 1750 Atticus

314 1889 319 1898 ι
381 1826 412 1877 et
431 1833 479 1878 res
504 1834 611 1877 omnes
630 1811 814 1876 necessarias
837 1808 963 1897 largiter
985 1808 1150 1874 donaverit
1168 1820 1199 1874 et
1221 1831 1343 1898 perpe·

381 1945 435 1996 tuo
454 1933 500 1996 ibi
519 1931 668 1997 manendi
692 1930 804 1996 lecerit
823 1941 1009 2019 potestatem
1025 1934 1055 1999 a·

427 2052 513 2116 llaec
536 2053 560 2116 si
579 2063 783 2142 reputamus,
810 2053 928 2116 mirum
964 2051 1058 2116 alicui
1086 2051 1184 2117 videri
1217 2053 1342 2141 possit,

382 2185 427 2236 tot
452 2195 488 2236 ea
511 2181 656 2258 tempore
673 2171 863 2259 proscriptos
883 2170 963 2236 viros
983 2171 1047 2236 sire
1065 2171 1161 2237 vitem
1184 2172 1251 2238 sire
1267 2195 1343 2262 pos·

381 2292 526 2356 sessiones
546 2313 613 2356 suas
645 2291 744 2357 Attici
775 2292 955 2382 diligentiae
986 2307 1017 2359 et
1047 2295 1130 2384 apud
1162 2296 1342 2361 Antonium

381 2413 498 2501 gratiae
518 2414 659 2483 debuisse
677 2438 685 2495 ;
713 2412 898 2480 Ciceronem
920 2436 1012 2493 vero,
1038 2435 1132 2504 quem
1156 2415 1241 2480 omni
1255 2428 1341 2480 tem·

381 2557 457 2626 pore
499 2551 530 2602 et
571 2535 846 2601 familiarissimum
879 2533 991 2601 habuit
1029 2547 1061 2598 et
1100 2533 1340 2611 fidelissimum,

380 2657 486 2723 medio
503 2657 677 2725 discrimini
700 2657 740 2722 ab
759 2677 796 2720 eo
817 2677 881 2720 non
901 2653 995 2722 fuisse
1017 2666 1174 2743 ereptum.
1223 2653 1338 2736 Quod,

378 2780 436 2844 etsi
462 2778 522 2844 hac
555 2778 594 2843 de
626 2799 660 2843 re
689 2777 770 2842 nihil
797 2777 876 2843 certi
906 2791 1040 2843 statuere
1073 2796 1256 2866 possumus,
1291 2777 1336 2842 ita

379 2897 577 2984 potissimum
599 2897 817 2985 explicandum
840 2898 964 2964 ridetur
976 2947 986 2977 ,
1018 2911 1053 2962 ut
1073 2898 1237 2979 dicamus,
1267 2895 1337 2964 sero

379 3016 506 3080 demum
528 3016 671 3080 Atticum
692 3017 793 3105 ipsum
824 3031 978 3083 serratum
1003 3019 1097 3085 luisse
1117 3070 1126 3100 ‚
1150 3041 1248 3110 quum
1265 3024 1333 3109 jam

380 3134 564 3201 Ciceronem
599 3137 790 3202 inexorabile
821 3137 953 3203 Antonii
987 3139 1093 3204 odium
1129 3139 1253 3229 pridem
1283 3141 1334 3204 in·

380 3257 589 3326 terimendum
612 3271 784 3325 curaverat.
811 3257 873 3324 Sed
896 3281 985 3338 rem,
1010 3261 1194 3349 ceteroquin
1222 3261 1333 3350 explo-

376 3386 446 3440 ratu
464 3377 700 3464 dignissimam,
725 3381 886 3444 eominus
915 3382 1022 3469 paucis
1055 3382 1215 3447 absolvere
1244 3405 1331 3472 posse

377 3494 543 3571 videmur,
568 3497 651 3584 quod
678 3499 794 3563 exstitit
815 3500 1006 3589 aliquando,
1032 3504 1106 3592 qui,
1125 3505 1222 3592 ipsam
1241 3504 1331 3571 (iice-

379 3618 460 3682 ronis
493 3639 601 3683 necem
625 3621 815 3708 respiciens,
839 3624 928 3712 pejus
960 3624 998 3689 de
1031 3625 1135 3689 attico
1158 3615 1328 3703 statueret,

418 3881 426 3913 ¹
467 3893 552 3957 Nepos
574 3912 598 3943 c.
620 3893 678 3950 llll.
706 3896 718 3962 §
739 3896 770 3945 ὃν
795 3895 823 3960 4.

413 3990 423 4022 ²
464 4009 491 4044 c.
509 3990 552 4044 xl.
574 3992 588 4060 §
608 3997 633 4042 1.
