3042 5146
779 610 844 672 126

319 793 383 857 ullo
403 792 583 856 discrimine
595 812 626 854 se
638 790 884 854 committeret¹.
909 786 988 852 Nam
1001 789 1058 854 etsi
1070 790 1158 854 brevi
1181 790 1283 856 inter·

322 913 400 1004 rullo
424 926 490 978 tum
510 913 542 976 in
555 913 688 977 Brutum
709 922 778 976 tum
792 911 825 974 in
847 908 1021 977 Antonium
1054 935 1108 977 sua
1127 912 1281 982 beneficia

320 1033 474 1111 eontulit,
494 1031 895 1120 nontamen,illoabjecto
913 1033 968 1110 ,iu
981 1032 1075 1121 hujus
1099 1036 1284 1102 sefarorem
1357 1109 1363 1122 ¹

319 1153 486 1218 insinuavit
501 1159 531 1221 ².
558 1152 650 1236 Quod
663 1153 687 1217 si
700 1152 823 1220 fecisset
837 1201 846 1230 ,
859 1153 979 1218 crimen
993 1152 1073 1220 illud
1082 1157 1154 1242 jure
1167 1157 1199 1220 in
1211 1180 1283 1222 eum

320 1274 431 1338 cadere
461 1285 563 1360 posset
580 1256 610 1342 i.
659 1245 796 1356 Antonio
821 1285 926 1338 autem
942 1273 981 1337 de
1001 1277 1163 1362 potentiae
1183 1278 1281 1364 gradu

320 1392 469 1481 delapso,
505 1390 669 1458 Octaviani
692 1394 824 1482 gratiam
844 1415 907 1458 nou
929 1396 1066 1477 ambiit;
1093 1399 1181 1486 cujus
1205 1401 1285 1488 qui-

320 1514 396 1578 dem·
436 1512 681 1579 familiaritatem
724 1527 907 1580 consecutus
939 1525 984 1582 est
1014 1516 1100 1580 nulla
1131 1516 1191 1582 alia
1224 1541 1283 1597 re,

319 1655 414 1721 quarn
444 1631 596 1721 elegantia
616 1610 720 1713 ritae,
745 1654 808 1722 qua
829 1647 955 1700 ceteros·
970 1648 1097 1724 ceperat
1122 1637 1284 1725 principes

318 1755 452 1820 civitatis
467 1761 496 1822 ⁴.
545 1757 680 1845 Itaque,
707 1767 741 1820 ut
762 1754 843 1820 haec
861 1756 1046 1834 mittamus,
1066 1757 1187 1845 quibus
1209 1757 1285 1822 diu-

318 1877 378 1941 tius
410 1877 571 1940 immorari
593 1876 720 1955 taedet,
747 1897 844 1964 quum
869 1877 895 1939 is
918 1887 996 1940 esset
1015 1875 1115 1941 Attici
1137 1876 1283 1942 laudabi-

318 1996 355 2060 lis
386 2019 473 2076 mos,
510 2009 545 2060 ut
575 1997 665 2062 victis
699 2017 820 2084 semper
850 1991 991 2083 partibus
1022 2013 1236 2076 succurreret,
1263 2021 1281 2061 a

317 2119 431 2206 quibus
464 2118 580 2205 sperari
615 2116 695 2181 nihil
727 2129 871 2204 poterat,
907 2141 1010 2206 neque
1034 2117 1216 2206 potentibus
1237 2120 1281 2182 si·
1388 2167 1402 2178 .
1507 2095 1508 2140 t

317 2238 384 2303 mul
410 2237 613 2315 adularetur,
638 2238 773 2325 injustae
793 2240 869 2304 istae
892 2262 1059 2306 censorum
1077 2241 1278 2306 criminatio-

319 2382 372 2423 nes
409 2371 480 2422 cu'm
512 2359 623 2424 ceteris
644 2358 798 2426 similibus
825 2373 931 2426 tenues
957 2375 1143 2428 evanescunt
1163 2363 1195 2426 in
1217 2386 1279 2427 au-

266 2496 270 2506 *
316 2501 388 2558 ras,
432 2491 555 2568 praeter
594 2492 759 2544 auctorum
794 2481 1041 2548 malevolentiam
1073 2483 1155 2548 nihil
1190 2483 1276 2550 aliud

315 2599 492 2686 probantes.

360 2721 407 2785 llo
433 2719 531 2809 pluris
568 2721 757 2786 aestimanda
787 2721 954 2811 Pomponii
975 2723 1182 2790 beneficentia
1205 2737 1268 2804 est,

315 2841 398 2930 quod
435 2841 495 2906 suis
525 2863 556 2904 se
577 2841 749 2906 benefactis
774 2863 972 2932 nequaquam
994 2843 1115 2911 extulit.
1161 2844 1273 2910 Procul

314 2963 375 3027 hoc
404 2986 422 3025 a
443 2983 587 3050 generosa
626 2965 691 3050 ejus
711 2963 827 3030 indole.
876 2964 1010 3030 Tamdiu
1028 2985 1154 3030 suorum
1175 2957 1289 3032 bene?

314 3085 456 3150 liciorum
477 3085 685 3164 meminerat,
712 3109 806 3174 quarn
831 3086 885 3151 ille
906 3100 1009 3176 gratus
1028 3100 1116 3166 erat,
1141 3089 1196 3176 qui
1218 3111 1270 3152 ac-

313 3221 458 3296 ceperat;
495 3219 626 3287 contra,
661 3231 740 3296 quae
775 3208 841 3297 ipse
860 3207 928 3271 aliis
947 3219 1076 3290 acceptu
1098 3207 1267 3287 referebat,

311 3353 347 3394 ea
370 3341 456 3418 grato
486 3341 612 3417 pectore
634 3329 805 3394 immortali
829 3329 981 3393 memoria
1005 3327 1173 3396 recolebat.
1221 3329 1268 3393 lta

312 3452 365 3516 ille
396 3450 548 3539 pecuniae
581 3471 643 3513 non
674 3472 797 3528 sersus,
831 3449 883 3513 sed
918 3447 1081 3526 dominus,
1114 3448 1268 3537 sapienter

351 3659 360 3691 ¹
400 3661 588 3713 Vid.·Diarium
608 3663 675 3712 liter.
694 3661 761 3726 Hag.
776 3679 805 3727 p.
827 3661 875 3727 142
895 3679 938 3728 sq.
988 3733 992 3736 -

347 3752 359 3785 ²
399 3763 484 3826 Nepos
503 3759 522 3812 l.
541 3759 674 3828 l.§5f.

350 3851 361 3883 ³
400 3861 501 3912 Fecisse
529 3858 692 3926 perhibetur
712 3878 725 3908 a
746 3859 940 3925 Middletono,
970 3861 1050 3916 Tora.
1068 3855 1125 3910 111.
1142 3877 1172 3924 p.
1189 3856 1260 3924 418,

309 3961 355 4011 sed
378 3961 433 4010 sine
451 3977 545 4014 causa·

354 4042 364 4076 ⁴
399 4061 484 4125 Nepos
502 4077 527 4112 c.
545 4059 613 4110 Xlll.
634 4062 649 4125 p
669 4058 698 4111 2.
