2970 5144
212 752 256 816 de
275 751 360 815 noris
380 750 497 814 auxisse
520 749 667 816 videtur¹
689 775 698 832 ;
735 753 844 818 sellem
866 752 903 818 iis
926 767 1031 842 postea
1055 759 1172 822 subur-

138 960 141 966 .
212 879 332 942 banum
353 875 518 966 praedium
538 873 682 954 addidit,
711 875 743 938 in
778 897 840 964 quo
870 887 970 941 aetate
997 880 1173 966 provectior

212 1004 365 1068 aestivum
387 1013 510 1088 tempus
528 1020 618 1086 saepe
637 1019 709 1062 cum
730 997 792 1062 suis
808 998 941 1085 degebat
953 1003 982 1066 ².

260 1125 390 1212 Itaque,
413 1133 447 1185 ut
465 1123 533 1209 jem
551 1119 590 1183 ad
610 1119 712 1207 ipsum
736 1119 880 1186 Atticum
901 1120 1087 1198 redeamus,
1111 1143 1174 1209 quo
1230 1160 1232 1164 -
1257 1085 1265 1098 .

213 1257 356 1330 tempore
380 1240 505 1307 Cicero
520 1239 553 1302 in
584 1241 719 1328 patriam
749 1241 810 1304 fuit
832 1263 988 1321 reversus,
1011 1243 1043 1306 in
1075 1243 1173 1330 Epiro

214 1367 335 1434 aberat.
383 1363 497 1430 Mansit
520 1364 564 1426 ibi
584 1362 737 1451 plurimos
760 1385 904 1441 menses,
929 1363 1028 1428 donce
1053 1385 1176 1428 summo

217 1509 288 1552 curn
314 1485 475 1550 Ciceronis
497 1483 636 1572 gaudio,
653 1508 735 1550 anno
746 1487 786 1552 U.
805 1483 841 1553 G.
856 1489 922 1552 698
935 1487 1085 1567 ineunte,
1111 1489 1174 1552 Ro-

218 1607 314 1673 mam
334 1609 439 1686 renis,
476 1607 598 1697 nuptias
630 1629 704 1672 cum
736 1608 816 1672 Pilio
848 1607 951 1696 pridie
990 1607 1039 1676 ld.
1078 1608 1173 1675 Febr.

217 1719 428 1796 celebraturus
445 1735 473 1798 ³.
499 1729 547 1794 De
570 1728 746 1795 bacautem
774 1728 940 1816 Pomponii
961 1750 1055 1792 uxore
1078 1749 1175 1816 quum

217 1853 324 1942 Nepos
362 1852 543 1918 altissimum
576 1865 675 1916 servet
706 1851 891 1930 silentium,
923 1865 958 1917 ut
993 1873 1032 1916 ne
1061 1874 1190 1916 nomen·

216 1973 346 2060 quidem
366 1976 430 2060 ejus
450 1971 626 2062 prodiderit
642 1977 679 2053 ⁴,
700 1996 813 2062 purum
845 1973 998 2040 habemus
1028 1997 1176 2062 comper·

214 2107 296 2162 turn.
345 2095 452 2159 Fuisse
482 2093 561 2160 Pilia
592 2095 707 2160 femina
738 2093 860 2160 videtur
884 2117 948 2160 non
980 2109 1043 2160 tam
1063 2117 1176 2185 genere
1209 2147 1217 2168 ,

213 2307 557 2389 carm.1.ib.„1.0u.tr,
585 2331 662 2374 nacta
695 2324 811 2376 lueriis
834 2328 979 2392 Lucretia,
1008 2329 1053 2378 eui
1086 2345 1173 2394 quum

214 2427 363 2491 Tarquinii
381 2425 455 2476 filius
477 2433 603 2490 stuprum
636 2425 794 2490 intulisset,
824 2433 901 2491 paler
934 2428 1054 2478 Ardennr
1086 2445 1175 2493 oppu-

217 2525 323 2591 gnavit.
345 2524 405 2576 tid.
423 2526 484 2576 Liv.
503 2523 598 2577 Lib.1.
616 2543 640 2576 c.
658 2525 701 2578 57.
719 2523 805 2578 Salsu
818 2527 857 2576 ira
870 2526 923 2576 crit
934 2528 1043 2592 Nepotis
1055 2527 1178 2578 auctori·

216 2635 283 2689 tas,
303 2625 403 2676 diserte
421 2625 571 2690 tradentis,
586 2625 707 2677 Atticum
726 2625 754 2675 in
771 2623 854 2676 Italis
884 2627 929 2676 duo
950 2633 1059 2677 tantum
1073 2627 1174 2676 rustica

215 2725 332 2792 praedia
343 2723 492 2778 babuisse.

255 2819 265 2850 ¹
306 2829 375 2877 Eum
399 2843 499 2891 angere
516 2825 635 2880 voluisse
653 2835 729 2894 potet
748 2847 762 2877 c
780 2827 840 2878 Lib.
859 2827 885 2879 1.
903 2828 935 2878 ad
951 2825 1007 2878 Art.
1024 2827 1063 2893 Ep
1081 2825 1130 2894 6.§
1143 2830 1171 2894 13

213 2929 275 2979 Lib.
294 2926 342 2980 lv.
361 2931 410 2994 Ep.
428 2931 454 2981 8.
467 2930 487 3004 5
510 2935 536 2981 1.

255 3017 266 3050 2
308 3024 391 3077 Vidd.
422 3027 482 3078 Lib.
502 3025 564 3079 vlt.
583 3028 632 3092 Ep.
651 3028 677 3078 3.
695 3028 709 3094 5
730 3029 767 3092 63
796 3027 853 3078 Lib.
882 3027 946 3077 llll.
976 3025 1026 3092 Ep.
1050 3025 1093 3078 38.
1113 3023 1172 3092 51.

259 3125 269 3157 ³
310 3123 344 3172 ..r
360 3126 390 3187 p.
408 3125 453 3176 rr.
471 3127 533 3178 nro.
551 3125 591 3178 11.
610 3127 659 3194 sp.
688 3129 716 3180 s.
734 3127 747 3194 5·
767 3131 793 3180 7.
827 3126 928 3178 Narras
950 3124 992 3176 ibi
1015 3119 1126 3188 cicero,
1146 3141 1173 3174 se
1248 3113 1249 3120 ’

216 3227 278 3292 ipso
300 3222 352 3274 illo
373 3224 420 3276 die
440 3227 470 3275 in
487 3228 630 3292 Pomponii
651 3224 756 3294 nuptiis
777 3243 833 3276 esse
852 3233 1007 3278 coenatum·

258 3317 269 3351 ⁴
307 3323 386 3378 Hanc
403 3327 439 3376 ob
456 3343 567 3377 censam
589 3326 700 3378 lleldius
725 3327 890 3394 scriptorem
917 3329 983 3380 urbae
1006 3327 1088 3378 Arn'ei
1107 3325 1172 3395 (Ne-

219 3433 311 3493 potem
326 3429 401 3480 enim
419 3447 474 3480 esse
489 3433 580 3498 negat)
599 3431 699 3496 carpit.
735 3431 762 3480 Si
786 3430 861 3480 enim
888 3418 985 3496 nepos'
1002 3427 1084 3480 Arrio
1099 3431 1170 3484 silam

211 3503 365 3588 edidisset,
394 3543 448 3580 non
466 3529 627 3593 neglexisset
647 3529 745 3580 Piliam
773 3547 883 3597 quoque
910 3547 1074 3585 memorare.
1121 3528 1171 3580 sen

221 3633 312 3690 recte,
331 3635 361 3677 ut
380 3629 513 3692 videtur,
531 3629 764 3682 Lieberknebnins
792 3629 813 3679 l.
831 3629 854 3680 1.
875 3648 903 3695 p.
926 3630 959 3681 53
984 3627 1055 3678 hanc
1081 3626 1171 3692 negli-

221 3729 342 3789 gentiam
360 3747 373 3778 e
389 3729 503 3780 consilio
525 3731 622 3798 repetit
644 3730 808 3796 scriptoris,
838 3731 888 3794 qui
915 3745 968 3778 non
993 3734 1050 3778 tarn
1077 3735 1170 3778 exter.-

221 3845 284 3876 nam
301 3829 443 3898 Pomponii
460 3832 546 3884 vitoni
565 3831 644 3883 edere
670 3849 754 3898 quam
785 3831 925 3894 ingenium
960 3829 1015 3880 viri
1034 3847 1064 3879 ac
1081 3846 1170 3878 mores

158 3966 160 3970 .
222 3925 363 3978 celebrare
382 3929 512 3983 voluerit.
548 3931 588 3982 lta
608 3931 710 3983 sactum
724 3949 794 3997 csse,
815 3939 911 3984 utnon
926 3932 1017 3982 omnia
1030 3930 1065 3980 nd
1078 3946 1189 4004 amus-¹

221 4025 271 4074 sim
295 4027 438 4090 redegerit.
808 4025 810 4030 ’
