2970 5144
303 578 363 630 vlu

310 763 375 823 quos
403 751 436 802 ut
459 739 574 801 consilii
599 740 653 796 mei
670 739 828 816 participes
842 740 902 812 feci
917 743 1132 821 sententiamque
1151 749 1265 823 rogari,

308 857 383 916 ornbo
407 874 449 913 me
474 852 557 912 etad
578 849 751 910 scribendam
779 847 925 908 eubortati
949 859 1016 907 sunt
1039 859 1066 908 et
1094 872 1174 910 suurn
1195 855 1267 912 mibi
1376 915 1380 923 ,

309 965 447 1026 auxilium
465 970 561 1041 sponte
579 959 746 1020 obtulerunt.
789 956 851 1032 Qua
867 976 916 1034 ope
931 958 1012 1015 nisus
1029 967 1056 1015 et
1072 958 1268 1020 humanissime

309 1099 326 1135 a
348 1073 442 1135 Geelio
460 1082 487 1131 et
501 1070 697 1149 Bergmonno,
718 1065 921 1125 eruditissimis
942 1065 1044 1138 Viris,
1068 1070 1161 1127 uariis
1177 1092 1191 1127 e
1209 1069 1266 1131 Bi·
1312 1055 1314 1060 ¹

309 1185 443 1244 btiotbeca
460 1177 729 1261 Lageam-Bacca
749 1176 877 1254 operibus
885 1185 1077 1249 sustentatus,
1095 1178 1185 1239 alacri
1204 1183 1269 1239 ani·

311 1315 353 1352 mo
373 1291 412 1350 ad
427 1309 496 1369 opus
516 1308 558 1347 me
576 1286 707 1345 contiuuo
732 1285 854 1342 accinxi.
894 1283 937 1341 Id
959 1305 1023 1343 oero
1050 1287 1176 1363 quomoda
1199 1285 1272 1346 mibi

312 1401 444 1469 cesserit,
476 1393 544 1455 aliis
569 1395 649 1453 trado
677 1391 899 1467 dijudicandum.
946 1391 1016 1464 Me,
1044 1395 1073 1451 si
1104 1395 1269 1454 uoluntatem

314 1510 425 1588 optimis
440 1505 590 1582 judicibus
614 1501 788 1578 studiumque
806 1499 978 1576 probavero,
1006 1503 1142 1580 impensae
1173 1523 1270 1582 operae

315 1619 392 1677 baud
397 1610 563 1696 poenitebit.

353 1725 420 1782 Hac
446 1731 536 1781 autern
555 1718 712 1798 praefandi
736 1717 943 1794 opportunitate
969 1718 1014 1774 uti
1028 1718 1099 1776 mibi
1117 1718 1220 1789 liceat,
1239 1727 1270 1776 ut

314 1835 404 1894 debito
420 1827 637 1906 suavissimoque
652 1827 741 1902 officio
752 1825 926 1902 perfungar.
969 1824 1007 1882 Si
1029 1828 1078 1903 qui
1101 1836 1185 1901 sunt,
1208 1829 1272 1905 qui·

314 1945 364 2003 bus
392 1942 547 1999 deuinctum
576 1954 617 1992 me
641 1934 733 1990 uariis
757 1931 898 2004 beneficiis
921 1934 1028 2004 sentio,
1061 1965 1101 1979 -
1130 1944 1161 1991 at
1193 1955 1272 2012 quam

315 2049 398 2109 multi
412 2054 497 2106 suntt
527 2069 568 2088 «υ
600 2041 634 2098 V
629 2061 661 2099 os
678 2041 747 2098 estis
763 2048 869 2112 tomen,
898 2039 1013 2098 Heusdi
1029 2051 1056 2099 et
1077 2042 1270 2114 (laudassem,

314 2181 381 2239 quos
408 2173 546 2232 nunquam
570 2164 626 2208 non
650 2149 766 2226 optimos
790 2165 851 2205 sune
868 2157 1064 2226 praeceptores
1089 2151 1273 2229 fautoresque

315 2266 498 2328 amicissimos
516 2266 656 2337 expertus.
690 2251 779 2313 Vobis
795 2255 912 2314 ducibus
929 2255 1096 2316 Academica
1116 2258 1209 2328 studio
1226 2260 1272 2316 in·

316 2376 434 2442 eborae,
459 2368 574 2426 Vestris
598 2365 733 2443 auspiciis
749 2365 890 2440 perficere
915 2363 986 2422 mibi
1010 2365 1138 2442 contigit.
1183 2364 1273 2440 Quos·

314 2502 419 2560 cunque
437 2478 556 2557 jecerim
581 2476 613 2532 iu
639 2472 733 2531 literis
755 2491 945 2548 progressus,
979 2471 1095 2534 Vestris
1112 2475 1226 2532 monitis
1241 2491 1275 2533 ac

309 2590 471 2672 praeceptis
496 2575 706 2652 saluberrimis,
736 2599 804 2657 quae
833 2579 895 2650 Tu,
930 2575 974 2637 01.
1003 2579 1132 2651 deusde,
1144 2584 1274 2659 priuatis

316 2702 399 2760 etiam
426 2694 581 2756 liberaliter
609 2691 734 2760 auxisti,
762 2687 841 2746 debeo
868 2696 1041 2767 acceptosque
1058 2689 1171 2765 resero;
1192 2712 1273 2769 quos·

316 2827 420 2885 cunque
439 2805 550 2880 sociam
568 2799 705 2878 postboc,
737 2796 772 2853 V
768 2805 843 2854 ostra
853 2797 1032 2872 potissimum
1047 2795 1109 2854 lons
1124 2799 1190 2856 erit.
1231 2798 1273 2856 Iu

315 2919 378 2994 ipssa
393 2915 444 2971 bac
461 2905 624 2968 absolvenda
642 2905 830 2982 disputatione
844 2905 978 2982 apparuit
1003 2904 1073 2964 mibi
1090 2905 1178 2963 denuo
1196 2906 1273 2964 beni·

315 3042 391 3104 gnus
412 3020 515 3077 Vester
530 3017 658 3084 animus,
680 3033 760 3090 quum
776 3011 974 3070 oarioaurilio
990 3005 1185 3090 consiliisque,
1206 3031 1276 3091 quae

320 3132 354 3189 V
350 3139 425 3190 estra
452 3135 493 3186 est
522 3123 695 3192 bumanitas,
727 3117 861 3198 prodesse
884 3121 957 3177 mibi
981 3140 1037 3177 uon
1061 3120 1274 3198 denegaveritis.
1321 3187 1325 3192 .

322 3241 430 3300 Gratus
452 3244 530 3295 tauta
556 3232 686 3304 benificia
702 3228 798 3306 polam
822 3247 961 3309 agnosco;
987 3231 1070 3302 cujas
1095 3229 1161 3288 adeo
1178 3247 1276 3288 sensus

317 3349 371 3406 mei
396 3355 428 3402 ut
456 3340 569 3421 aliquod
583 3339 768 3398 testimonium
784 3345 922 3409 exstaret,
954 3336 1064 3395 eandem
1081 3336 1159 3396 illam
1176 3338 1276 3414 dispu-
1358 3353 1365 3360 ·

229 3493 233 3500 -
263 3457 265 3461 ’
318 3454 449 3513 tationem
467 3448 582 3506 Vestris
601 3441 758 3503 nominibus
775 3444 948 3501 inscribendi
965 3447 1071 3503 aenium
1079 3447 1182 3524 petioi.
1210 3446 1276 3504 Iloc

321 3563 414 3642 igitur
428 3561 459 3617 in
473 3573 608 3636 praesens
627 3551 749 3611 babeatis
766 3546 847 3610 aelim
862 3553 1024 3630 gratissimi
1040 3557 1168 3632 pectoris
1197 3556 1274 3614 iudi·

319 3673 410 3741 cium,
441 3668 489 3726 cui
515 3673 547 3722 ut
572 3665 603 3722 in
620 3670 783 3740 posterum,
806 3681 858 3739 qua
868 3671 989 3738 potuero
1010 3664 1137 3735 ratione,
1159 3683 1277 3740 respon*
1302 3682 1305 3686 ’

318 3781 411 3848 deam,
432 3775 551 3833 mauirua
567 3773 638 3831 mibi
656 3771 806 3829 caruerit.
840 3769 875 3827 V
870 3789 901 3829 os
917 3779 1025 3842 autam,
1043 3780 1165 3849 utporro
1174 3789 1276 3850 qaoque
1317 3811 1321 3820 .

320 3886 431 3958 eidem,
459 3902 512 3962 qua
528 3877 635 3955 adbuc,
658 3879 843 3938 beneuolentid
857 3881 980 3957 parique
998 3880 1150 3957 officiorum
1174 3901 1275 3959 genere

311 3995 447 4078 prosequi
462 4012 502 4054 me
520 3990 631 4062 uelitis,
655 3990 736 4048 etiam
753 3997 832 4067 atque
851 3988 932 4046 etiam
950 4009 1025 4066 rogo.
