3042 5146
871 602 932 664 106

414 783 600 873 contempsit
628 785 756 872 ejusque
775 803 883 870 preces
902 781 1074 869 depressit,
1105 794 1136 846 et
1158 782 1253 846 biduo
1276 795 1365 873 post,

416 927 514 995 quum
544 903 646 970 subito
678 902 848 968 decesserat
879 899 975 968 febris
1002 901 1191 991 morbusque
1222 917 1364 993 coeperat

415 1049 479 1093 esse
499 1026 619 1102 levior,
644 1045 769 1090 omnem
790 1021 886 1086 etiam
908 1021 1014 1087 cibum
1044 1021 1231 1111 repudiarit.
1280 1021 1366 1088 Obiit

414 1147 510 1235 igitur
519 1146 647 1234 quinto,
658 1156 860 1233 posteaquam
873 1142 953 1208 mori
968 1143 1170 1209 constituerat
1183 1189 1193 1220 ‚
1206 1143 1258 1208 die
1271 1193 1281 1223 ,
1302 1145 1365 1233 pri·

416 1266 466 1331 die
487 1267 558 1336 Kal.
576 1267 653 1355 Apr.
677 1264 716 1333 l.
737 1264 778 1330 U.
805 1261 843 1334 C.
871 1266 936 1328 722
966 1263 1018 1349 (A.
1045 1259 1082 1330 C.
1102 1264 1182 1347 32),
1215 1262 1273 1330 (lu.
1298 1262 1364 1328 Ilo-

414 1386 504 1451 mitio
527 1384 757 1464 Ahenobarbo,
784 1383 822 1454 C.
847 1384 935 1450 Sosio
958 1383 1041 1452 Coss.

459 1506 513 1572 Uti
536 1506 659 1572 Atticus
690 1506 757 1594 ipse
789 1505 1050 1594 praescripserat,
1085 1503 1183 1571 elatus
1210 1505 1275 1570 sine
1307 1501 1365 1586 ulla

412 1647 526 1715 pompa
545 1639 591 1690 est
611 1624 644 1688 in
665 1623 810 1690 lecticula
833 1635 864 1688 et
888 1621 1026 1712 sepultus
1043 1625 1131 1711 juxta
1154 1625 1236 1688 riam
1266 1627 1366 1715 appi-

412 1769 484 1825 am,
519 1746 559 1831 ¹ad
597 1745 743 1835 quintum
784 1744 942 1834 lapidem,
976 1745 1008 1808 in
1041 1745 1088 1810 sui
1130 1746 1293 1828 auunculi,
1329 1747 1365 1831 Q.
1391 1795 1414 1809 ..

414 1866 562 1946 Caecilii,
607 1877 824 1934 monumento.
882 1866 990 1954 lpsum
1021 1878 1126 1931 eutem
1158 1867 1250 1930 funus
1281 1868 1364 1932 indi-

412 1993 496 2058 cium
526 1988 670 2055 exhibuit
699 1988 917 2078 praeclarum,
951 2009 1030 2075 quae
1066 1987 1179 2068 luisset,
1199 1988 1365 2076 Pomponii

411 2111 533 2176 virtutis
563 2108 736 2197 excelsique
758 2107 855 2171 animi
867 2107 1074 2187 existimatio,
1102 2130 1272 2196 quumnon
1289 2108 1365 2171 boni

410 2242 532 2295 tantum
556 2249 662 2294 omnes
674 2277 684 2308 ,
709 2228 762 2292 sed
786 2227 899 2316 vulgus.
914 2227 1008 2293 etiam
1029 2229 1162 2294 maxima
1188 2229 1364 2317 frequentia

410 2348 526 2413 elatum
550 2360 812 2437 prosequerentur
828 2349 857 2415 ¹.
883 2347 949 2432 Qua
968 2369 1084 2437 pompa
1110 2347 1193 2412 hand
1216 2348 1363 2438 equidem

409 2474 492 2554 scio,
510 2496 548 2538 an
568 2495 680 2562 magno
704 2472 808 2560 deque
826 2471 887 2536 suis
908 2470 1029 2536 civibus
1043 2470 1161 2558 optime
1172 2469 1284 2536 merito
1297 2471 1363 2535 viro

408 2590 494 2657 nulla
517 2593 650 2658 inveniri
672 2592 821 2658 illustrior
842 2605 936 2680 atque
959 2591 1151 2681 splendidior
1169 2594 1275 2679 possit.

454 2713 558 2803 Atque
606 2713 650 2779 ita
695 2735 901 2802 quaecunque
945 2714 985 2778 de
1026 2712 1125 2778 larici
1154 2716 1216 2778 rita
1252 2726 1361 2780 notatu
1437 2761 1442 2774 .

408 2836 501 2922 digna
529 2835 726 2924 abantiquis
755 2837 871 2923 scripto
891 2845 963 2898 sunt
997 2833 1165 2913 mandata,
1201 2834 1234 2898 in
1263 2856 1360 2898 unum

408 2978 443 3020 ea
463 2955 550 3043 quasi
581 2977 693 3043 corpus
721 2954 841 3044 digesta
871 2954 1075 3026 contulimus.
1137 2956 1196 3020 Pro
1225 2955 1359 3021 fontium

408 3089 511 3169 antem
535 3080 677 3144 ubertate
698 3093 792 3168 atque
811 3080 900 3169 copia
924 3080 1007 3157 alia,
1030 3091 1066 3143 ut
1076 3099 1133 3166 pax
1145 3091 1209 3156 est,
1231 3077 1360 3142 concin-

407 3198 499 3278 nius,
532 3199 683 3288 prolixius
700 3201 795 3266 etiam
826 3200 886 3266 alia
919 3201 1150 3280 enarravimus,
1183 3197 1280 3286 magis
1305 3199 1360 3262 in-

407 3319 513 3384 curiae
534 3343 571 3386 ac
591 3322 797 3410 negligentiae
820 3344 914 3414 qnam
945 3321 1091 3410 longioris
1120 3320 1267 3387 sermonis
1297 3319 1358 3385 cri-

406 3461 478 3506 men
497 3439 599 3506 veriti.
643 3442 716 3507 Jam
740 3464 812 3508 rero
829 3465 943 3508 norum
965 3442 1182 3531 disputationis
1211 3461 1358 3531 campum

409 3559 624 3646 ingredimur,
660 3562 692 3626 in
728 3585 789 3652 quo
813 3565 930 3652 ingenii
951 3565 1109 3653 animique
1128 3563 1232 3643 dotes,
1257 3563 1358 3628 inalt-

407 3680 470 3744 tico
494 3682 696 3772 conspicuas,
721 3684 932 3773 dispiciemus.

444 3865 451 3897 ¹
492 3887 514 3918 r.
534 3867 618 3920 lll'll·
