<?xml version="1.0" encoding="UTF-8"?>
<!DOCTYPE html PUBLIC "-//W3C//DTD XHTML 1.0 Transitional//EN"
    "http://www.w3.org/TR/xhtml1/DTD/xhtml1-transitional.dtd">
<html xmlns="http://www.w3.org/1999/xhtml" xml:lang="en" lang="en">
 <head>
  <title>
</title>
<meta http-equiv="Content-Type" content="text/html;charset=utf-8" />
  <meta name='ocr-system' content='tesseract 3.04.00' />
  <meta name='ocr-capabilities' content='ocr_page ocr_carea ocr_par ocr_line ocrx_word'/>
</head>
<body>
  <div class='ocr_page' id='page_1' title='image "./diatribeintpomp00hullgoog_0126.png"; bbox 0 0 3042 5146; ppageno 0'>
   <div class='ocr_carea' id='block_1_1' title="bbox 682 669 744 729">
    <p class='ocr_par' dir='ltr' id='par_1_1' title="bbox 682 669 744 729">
     <span class='ocr_line' id='line_1_1' title="bbox 682 669 744 729; baseline 0.065 -4"><span class='ocrx_word' id='word_1_1' title='bbox 682 669 744 729; x_wconf 86' lang='lat'>105</span> 
     </span>
    </p>
   </div>
   <div class='ocr_carea' id='block_1_2' title="bbox 194 839 1272 3360">
    <p class='ocr_par' dir='ltr' id='par_1_2' title="bbox 232 839 1272 1784">
     <span class='ocr_line' id='line_1_2' title="bbox 232 839 1183 943; baseline 0.014 -38"><span class='ocrx_word' id='word_1_2' title='bbox 232 843 300 906; x_wconf 86' lang='lat' dir='ltr'>lere</span> <span class='ocrx_word' id='word_1_3' title='bbox 319 839 430 905; x_wconf 85' lang='lat' dir='ltr'>habuit</span> <span class='ocrx_word' id='word_1_4' title='bbox 448 842 641 921; x_wconf 87' lang='lat' dir='ltr'>orationem,</span> <span class='ocrx_word' id='word_1_5' title='bbox 666 848 751 912; x_wconf 75' lang='lat' dir='ltr'>tanti</span> <span class='ocrx_word' id='word_1_6' title='bbox 774 851 946 914; x_wconf 76' lang='lat' dir='ltr'>constantii</span> <span class='ocrx_word' id='word_1_7' title='bbox 974 853 1056 917; x_wconf 84' lang='lat' dir='ltr'>vocis</span> <span class='ocrx_word' id='word_1_8' title='bbox 1089 866 1183 943; x_wconf 87' lang='lat' dir='ltr'>atque</span> 
     </span>
     <span class='ocr_line' id='line_1_3' title="bbox 233 961 1182 1055; baseline 0.013 -29"><span class='ocrx_word' id='word_1_9' title='bbox 233 961 358 1040; x_wconf 81' lang='lat' dir='ltr'>vultus,</span> <span class='ocrx_word' id='word_1_10' title='bbox 384 972 419 1024; x_wconf 90' lang='lat' dir='ltr'>ut</span> <span class='ocrx_word' id='word_1_11' title='bbox 440 983 502 1027; x_wconf 93' lang='lat' dir='ltr'>non</span> <span class='ocrx_word' id='word_1_12' title='bbox 522 964 645 1029; x_wconf 84' lang='lat' dir='ltr'>er-vita</span> <span class='ocrx_word' id='word_1_13' title='bbox 680 967 833 1055; x_wconf 87' lang='lat' dir='ltr'>migrare,</span> <span class='ocrx_word' id='word_1_14' title='bbox 870 971 923 1036; x_wconf 90' lang='lat' dir='ltr'>sed</span> <span class='ocrx_word' id='word_1_15' title='bbox 956 995 992 1036; x_wconf 81' lang='lat' dir='ltr'>cr</span> <span class='ocrx_word' id='word_1_16' title='bbox 1025 972 1118 1037; x_wconf 91' lang='lat' dir='ltr'>domo</span> <span class='ocrx_word' id='word_1_17' title='bbox 1150 975 1182 1038; x_wconf 93' lang='lat' dir='ltr'>in</span> 
     </span>
     <span class='ocr_line' id='line_1_4' title="bbox 234 1081 1186 1180; baseline 0.013 -34"><span class='ocrx_word' id='word_1_18' title='bbox 234 1081 363 1146; x_wconf 88' lang='lat' dir='ltr'>domum</span> <span class='ocrx_word' id='word_1_19' title='bbox 389 1081 558 1150; x_wconf 80' lang='lat' dir='ltr'>rideretur.</span> <span class='ocrx_word' id='word_1_20' title='bbox 603 1085 849 1170; x_wconf 79' lang='lat' dir='ltr'>«Quantam»,</span> <span class='ocrx_word' id='word_1_21' title='bbox 884 1089 1009 1180; x_wconf 83' lang='lat' dir='ltr'>inquit,</span> <span class='ocrx_word' id='word_1_22' title='bbox 1045 1117 1186 1160; x_wconf 79' lang='lat' dir='ltr'>«euram</span> 
     </span>
     <span class='ocr_line' id='line_1_5' title="bbox 234 1205 1272 1295; baseline 0.009 -25"><span class='ocrx_word' id='word_1_23' title='bbox 234 1205 498 1295; x_wconf 72' lang='lat' dir='ltr'>diligentiamque</span> <span class='ocrx_word' id='word_1_24' title='bbox 515 1208 548 1270; x_wconf 91' lang='lat' dir='ltr'>in</span> <span class='ocrx_word' id='word_1_25' title='bbox 566 1205 745 1273; x_wconf 84' lang='lat' dir='ltr'>valetudine</span> <span class='ocrx_word' id='word_1_26' title='bbox 767 1232 837 1276; x_wconf 92' lang='lat' dir='ltr'>mea</span> <span class='ocrx_word' id='word_1_27' title='bbox 869 1212 985 1277; x_wconf 88' lang='lat' dir='ltr'>tuenda</span> <span class='ocrx_word' id='word_1_28' title='bbox 1015 1213 1076 1280; x_wconf 90' lang='lat' dir='ltr'>hoe</span> <span class='ocrx_word' id='word_1_29' title='bbox 1108 1227 1188 1279; x_wconf 90' lang='lat' dir='ltr'>tem·</span> <span class='ocrx_word' id='word_1_30' title='bbox 1266 1247 1272 1260; x_wconf 48' lang='grc' dir='ltr'><em>ι</em></span> 
     </span>
     <span class='ocr_line' id='line_1_6' title="bbox 234 1324 1188 1415; baseline 0.006 -24"><span class='ocrx_word' id='word_1_31' title='bbox 234 1349 309 1415; x_wconf 91' lang='lat' dir='ltr'>pore</span> <span class='ocrx_word' id='word_1_32' title='bbox 329 1324 550 1406; x_wconf 88' lang='lat' dir='ltr'>adhibuerim,</span> <span class='ocrx_word' id='word_1_33' title='bbox 583 1349 681 1415; x_wconf 90' lang='lat' dir='ltr'>quum</span> <span class='ocrx_word' id='word_1_34' title='bbox 711 1351 764 1392; x_wconf 86' lang='lat' dir='ltr'>ros</span> <span class='ocrx_word' id='word_1_35' title='bbox 799 1341 889 1396; x_wconf 84' lang='lat' dir='ltr'>testes</span> <span class='ocrx_word' id='word_1_36' title='bbox 918 1330 1073 1414; x_wconf 79' lang='lat' dir='ltr'>habeam,</span> <span class='ocrx_word' id='word_1_37' title='bbox 1107 1334 1188 1399; x_wconf 89' lang='lat' dir='ltr'>nibil</span> 
     </span>
     <span class='ocr_line' id='line_1_7' title="bbox 233 1447 1214 1549; baseline 0.007 -37"><span class='ocrx_word' id='word_1_38' title='bbox 233 1471 357 1513; x_wconf 89' lang='lat' dir='ltr'>necesse</span> <span class='ocrx_word' id='word_1_39' title='bbox 379 1459 425 1514; x_wconf 90' lang='lat' dir='ltr'>est</span> <span class='ocrx_word' id='word_1_40' title='bbox 445 1447 587 1537; x_wconf 90' lang='lat' dir='ltr'>pluribus</span> <span class='ocrx_word' id='word_1_41' title='bbox 620 1451 722 1514; x_wconf 83' lang='lat' dir='ltr'>verbis</span> <span class='ocrx_word' id='word_1_42' title='bbox 751 1472 1007 1521; x_wconf 90' lang='lat' dir='ltr'>commemorare.</span> <span class='ocrx_word' id='word_1_43' title='bbox 1067 1455 1214 1549; x_wconf 42' lang='lat' dir='ltr'>Quibus,</span> 
     </span>
     <span class='ocr_line' id='line_1_8' title="bbox 235 1573 1186 1664; baseline 0.004 -28"><span class='ocrx_word' id='word_1_44' title='bbox 235 1573 402 1662; x_wconf 88' lang='lat' dir='ltr'>quoniam,</span> <span class='ocrx_word' id='word_1_45' title='bbox 437 1583 470 1635; x_wconf 86' lang='lat' dir='ltr'>ut</span> <span class='ocrx_word' id='word_1_46' title='bbox 489 1593 602 1660; x_wconf 90' lang='lat' dir='ltr'>spero,</span> <span class='ocrx_word' id='word_1_47' title='bbox 628 1573 785 1651; x_wconf 79' lang='lat' dir='ltr'>satisfeci,</span> <span class='ocrx_word' id='word_1_48' title='bbox 813 1595 864 1638; x_wconf 89' lang='lat' dir='ltr'>me</span> <span class='ocrx_word' id='word_1_49' title='bbox 886 1573 970 1638; x_wconf 91' lang='lat' dir='ltr'>nihil</span> <span class='ocrx_word' id='word_1_50' title='bbox 991 1574 1105 1664; x_wconf 86' lang='lat' dir='ltr'>reliqui</span> <span class='ocrx_word' id='word_1_51' title='bbox 1135 1576 1186 1640; x_wconf 86' lang='lat' dir='ltr'>le-</span> 
     </span>
     <span class='ocr_line' id='line_1_9' title="bbox 234 1692 1187 1784; baseline 0 -26"><span class='ocrx_word' id='word_1_52' title='bbox 234 1695 331 1772; x_wconf 90' lang='lat' dir='ltr'>cisse,</span> <span class='ocrx_word' id='word_1_53' title='bbox 357 1692 439 1782; x_wconf 92' lang='lat' dir='ltr'>quod</span> <span class='ocrx_word' id='word_1_54' title='bbox 462 1693 500 1756; x_wconf 91' lang='lat' dir='ltr'>ad</span> <span class='ocrx_word' id='word_1_55' title='bbox 524 1693 694 1758; x_wconf 90' lang='lat' dir='ltr'>sanandum</span> <span class='ocrx_word' id='word_1_56' title='bbox 724 1717 775 1758; x_wconf 91' lang='lat' dir='ltr'>me</span> <span class='ocrx_word' id='word_1_57' title='bbox 796 1694 991 1782; x_wconf 82' lang='lat' dir='ltr'>pertineret3</span> <span class='ocrx_word' id='word_1_58' title='bbox 1029 1695 1187 1784; x_wconf 89' lang='lat' dir='ltr'>reliquum</span> 
     </span>
    </p>

    <p class='ocr_par' dir='ltr' id='par_1_3' title="bbox 194 1813 1189 2502">
     <span class='ocr_line' id='line_1_10' title="bbox 194 1813 1186 1902; baseline -0.003 -22"><span class='ocrx_word' id='word_1_59' title='bbox 194 1849 198 1857; x_wconf 92' lang='lat'>·</span> <span class='ocrx_word' id='word_1_60' title='bbox 234 1829 302 1897; x_wconf 80' lang='lat' dir='ltr'>est,</span> <span class='ocrx_word' id='word_1_61' title='bbox 326 1827 361 1881; x_wconf 89' lang='lat' dir='ltr'>nt</span> <span class='ocrx_word' id='word_1_62' title='bbox 391 1827 513 1902; x_wconf 87' lang='lat' dir='ltr'>egomet</span> <span class='ocrx_word' id='word_1_63' title='bbox 544 1813 625 1879; x_wconf 89' lang='lat' dir='ltr'>mibi</span> <span class='ocrx_word' id='word_1_64' title='bbox 654 1813 826 1880; x_wconf 87' lang='lat' dir='ltr'>consulam.</span> <span class='ocrx_word' id='word_1_65' title='bbox 887 1813 924 1878; x_wconf 93' lang='lat' dir='ltr'>Id</span> <span class='ocrx_word' id='word_1_66' title='bbox 957 1837 1009 1878; x_wconf 85' lang='lat' dir='ltr'>ros</span> <span class='ocrx_word' id='word_1_67' title='bbox 1043 1815 1186 1902; x_wconf 84' lang='lat' dir='ltr'>ignorare</span> 
     </span>
     <span class='ocr_line' id='line_1_11' title="bbox 234 1932 1187 2004; baseline -0.002 -6"><span class='ocrx_word' id='word_1_68' title='bbox 234 1936 333 2004; x_wconf 87' lang='lat' dir='ltr'>nolui.</span> <span class='ocrx_word' id='word_1_69' title='bbox 358 1935 439 2002; x_wconf 89' lang='lat' dir='ltr'>Nam</span> <span class='ocrx_word' id='word_1_70' title='bbox 459 1933 539 1999; x_wconf 88' lang='lat' dir='ltr'>mibi</span> <span class='ocrx_word' id='word_1_71' title='bbox 558 1947 616 2000; x_wconf 88' lang='lat' dir='ltr'>stat</span> <span class='ocrx_word' id='word_1_72' title='bbox 634 1934 715 1998; x_wconf 89' lang='lat' dir='ltr'>alere</span> <span class='ocrx_word' id='word_1_73' title='bbox 734 1933 879 1998; x_wconf 88' lang='lat' dir='ltr'>morbum</span> <span class='ocrx_word' id='word_1_74' title='bbox 914 1933 1066 2001; x_wconf 86' lang='lat' dir='ltr'>desinere.</span> <span class='ocrx_word' id='word_1_75' title='bbox 1081 1932 1187 1999; x_wconf 76' lang='lat' dir='ltr'>&#39;Nam-</span> 
     </span>
     <span class='ocr_line' id='line_1_12' title="bbox 236 2055 1189 2147; baseline -0.003 -24"><span class='ocrx_word' id='word_1_76' title='bbox 236 2079 297 2147; x_wconf 88' lang='lat' dir='ltr'>que</span> <span class='ocrx_word' id='word_1_77' title='bbox 328 2055 376 2120; x_wconf 90' lang='lat' dir='ltr'>his</span> <span class='ocrx_word' id='word_1_78' title='bbox 404 2055 515 2121; x_wconf 91' lang='lat' dir='ltr'>diebus</span> <span class='ocrx_word' id='word_1_79' title='bbox 547 2056 701 2145; x_wconf 80' lang='lat' dir='ltr'>quidquid</span> <span class='ocrx_word' id='word_1_80' title='bbox 735 2056 799 2120; x_wconf 87' lang='lat' dir='ltr'>cibi</span> <span class='ocrx_word' id='word_1_81' title='bbox 827 2056 967 2144; x_wconf 85' lang='lat' dir='ltr'>sumpsi,</span> <span class='ocrx_word' id='word_1_82' title='bbox 992 2057 1035 2122; x_wconf 87' lang='lat' dir='ltr'>ita</span> <span class='ocrx_word' id='word_1_83' title='bbox 1057 2056 1189 2144; x_wconf 77' lang='lat' dir='ltr'>produxi</span> 
     </span>
     <span class='ocr_line' id='line_1_13' title="bbox 234 2177 1187 2266; baseline 0 -24"><span class='ocrx_word' id='word_1_84' title='bbox 234 2179 330 2243; x_wconf 77' lang='lat' dir='ltr'>vitam</span> <span class='ocrx_word' id='word_1_85' title='bbox 344 2229 358 2257; x_wconf 78' lang='grc'>,,</span> <span class='ocrx_word' id='word_1_86' title='bbox 379 2191 414 2243; x_wconf 87' lang='lat' dir='ltr'>ut</span> <span class='ocrx_word' id='word_1_87' title='bbox 433 2177 570 2242; x_wconf 84' lang='lat' dir='ltr'>auxerim</span> <span class='ocrx_word' id='word_1_88' title='bbox 589 2177 709 2242; x_wconf 87' lang='lat' dir='ltr'>dolores</span> <span class='ocrx_word' id='word_1_89' title='bbox 737 2177 803 2242; x_wconf 85' lang='lat' dir='ltr'>sine</span> <span class='ocrx_word' id='word_1_90' title='bbox 835 2200 888 2266; x_wconf 91' lang='lat' dir='ltr'>spe</span> <span class='ocrx_word' id='word_1_91' title='bbox 920 2178 1038 2251; x_wconf 83' lang='lat' dir='ltr'>salutis,</span> <span class='ocrx_word' id='word_1_92' title='bbox 1063 2178 1187 2261; x_wconf 79' lang='lat' dir='ltr'>&#39;Quare</span> 
     </span>
     <span class='ocr_line' id='line_1_14' title="bbox 238 2299 1186 2390; baseline 0.001 -24"><span class='ocrx_word' id='word_1_93' title='bbox 238 2302 357 2367; x_wconf 82' lang='lat' dir='ltr'>arobis</span> <span class='ocrx_word' id='word_1_94' title='bbox 376 2315 450 2388; x_wconf 90' lang='lat' dir='ltr'>peto</span> <span class='ocrx_word' id='word_1_95' title='bbox 472 2301 629 2390; x_wconf 88' lang='lat' dir='ltr'>primum,</span> <span class='ocrx_word' id='word_1_96' title='bbox 655 2313 689 2364; x_wconf 89' lang='lat' dir='ltr'>ut</span> <span class='ocrx_word' id='word_1_97' title='bbox 709 2299 872 2364; x_wconf 88' lang='lat' dir='ltr'>consilium</span> <span class='ocrx_word' id='word_1_98' title='bbox 897 2301 1034 2388; x_wconf 90' lang='lat' dir='ltr'>probetis</span> <span class='ocrx_word' id='word_1_99' title='bbox 1060 2323 1186 2367; x_wconf 85' lang='lat' dir='ltr'>meum:</span> 
     </span>
     <span class='ocr_line' id='line_1_15' title="bbox 234 2420 1041 2502; baseline -0.006 -13"><span class='ocrx_word' id='word_1_100' title='bbox 234 2425 369 2502; x_wconf 90' lang='lat' dir='ltr'>deinde,</span> <span class='ocrx_word' id='word_1_101' title='bbox 395 2447 434 2489; x_wconf 90' lang='lat' dir='ltr'>ne</span> <span class='ocrx_word' id='word_1_102' title='bbox 458 2425 570 2489; x_wconf 86' lang='lat' dir='ltr'>frustra</span> <span class='ocrx_word' id='word_1_103' title='bbox 591 2420 785 2487; x_wconf 89' lang='lat' dir='ltr'>dehortando</span> <span class='ocrx_word' id='word_1_104' title='bbox 806 2421 996 2485; x_wconf 84' lang='lat' dir='ltr'>conemini»</span> <span class='ocrx_word' id='word_1_105' title='bbox 1013 2425 1041 2490; x_wconf 86' lang='lat'>¹.</span> 
     </span>
    </p>

    <p class='ocr_par' dir='ltr' id='par_1_4' title="bbox 235 2543 1194 3360">
     <span class='ocr_line' id='line_1_16' title="bbox 280 2543 1188 2632; baseline -0.002 -23"><span class='ocrx_word' id='word_1_106' title='bbox 280 2545 362 2609; x_wconf 83' lang='lat' dir='ltr'>Eece</span> <span class='ocrx_word' id='word_1_107' title='bbox 395 2544 549 2632; x_wconf 88' lang='lat' dir='ltr'>egregiam</span> <span class='ocrx_word' id='word_1_108' title='bbox 582 2543 641 2607; x_wconf 83' lang='lat' dir='ltr'>riri</span> <span class='ocrx_word' id='word_1_109' title='bbox 668 2544 747 2630; x_wconf 86' lang='lat' dir='ltr'>justi</span> <span class='ocrx_word' id='word_1_110' title='bbox 783 2543 976 2632; x_wconf 83' lang='lat' dir='ltr'>imaginem,</span> <span class='ocrx_word' id='word_1_111' title='bbox 1002 2544 1080 2632; x_wconf 90' lang='lat' dir='ltr'>qui,</span> <span class='ocrx_word' id='word_1_112' title='bbox 1103 2543 1188 2607; x_wconf 73' lang='lat' dir='ltr'>nulla</span> 
     </span>
     <span class='ocr_line' id='line_1_17' title="bbox 235 2665 1188 2755; baseline -0.004 -25"><span class='ocrx_word' id='word_1_113' title='bbox 235 2667 327 2755; x_wconf 71' lang='lat' dir='ltr'>culpi</span> <span class='ocrx_word' id='word_1_114' title='bbox 351 2665 543 2754; x_wconf 91' lang='lat' dir='ltr'>pallescens,</span> <span class='ocrx_word' id='word_1_115' title='bbox 574 2665 878 2755; x_wconf 75' lang='lat' dir='ltr'>appropinquantem</span> <span class='ocrx_word' id='word_1_116' title='bbox 901 2675 1057 2741; x_wconf 88' lang='lat' dir='ltr'>mortem,</span> <span class='ocrx_word' id='word_1_117' title='bbox 1093 2684 1188 2750; x_wconf 90' lang='lat' dir='ltr'>quam</span> 
     </span>
     <span class='ocr_line' id='line_1_18' title="bbox 235 2785 1188 2875; baseline -0.005 -24"><span class='ocrx_word' id='word_1_118' title='bbox 235 2786 358 2851; x_wconf 88' lang='lat' dir='ltr'>trabere</span> <span class='ocrx_word' id='word_1_119' title='bbox 381 2785 533 2875; x_wconf 89' lang='lat' dir='ltr'>quidem,</span> <span class='ocrx_word' id='word_1_120' title='bbox 557 2809 617 2851; x_wconf 92' lang='lat' dir='ltr'>nec</span> <span class='ocrx_word' id='word_1_121' title='bbox 637 2785 761 2849; x_wconf 84' lang='lat' dir='ltr'>differre</span> <span class='ocrx_word' id='word_1_122' title='bbox 782 2797 886 2848; x_wconf 84' lang='lat' dir='ltr'>tumen</span> <span class='ocrx_word' id='word_1_123' title='bbox 902 2794 1045 2871; x_wconf 88' lang='lat' dir='ltr'>poterat,</span> <span class='ocrx_word' id='word_1_124' title='bbox 1081 2803 1188 2846; x_wconf 89' lang='lat' dir='ltr'>sereno</span> 
     </span>
     <span class='ocr_line' id='line_1_19' title="bbox 235 2891 1190 2994; baseline -0.004 -24"><span class='ocrx_word' id='word_1_125' title='bbox 235 2906 325 2971; x_wconf 89' lang='lat' dir='ltr'>vultu</span> <span class='ocrx_word' id='word_1_126' title='bbox 351 2891 533 2994; x_wconf 81' lang='lat' dir='ltr'>adspiceret.</span> <span class='ocrx_word' id='word_1_127' title='bbox 582 2904 630 2970; x_wconf 88' lang='lat' dir='ltr'>Sit</span> <span class='ocrx_word' id='word_1_128' title='bbox 652 2905 728 2970; x_wconf 89' lang='lat' dir='ltr'>illud</span> <span class='ocrx_word' id='word_1_129' title='bbox 752 2906 783 2969; x_wconf 93' lang='lat' dir='ltr'>in</span> <span class='ocrx_word' id='word_1_130' title='bbox 804 2904 991 2970; x_wconf 80' lang='lat' dir='ltr'>Christianis</span> <span class='ocrx_word' id='word_1_131' title='bbox 1011 2903 1190 2969; x_wconf 91' lang='lat' dir='ltr'>horninibus</span> 
     </span>
     <span class='ocr_line' id='line_1_20' title="bbox 236 3025 1194 3115; baseline -0.001 -22"><span class='ocrx_word' id='word_1_132' title='bbox 236 3027 465 3115; x_wconf 82' lang='lat' dir='ltr'>vituperatione</span> <span class='ocrx_word' id='word_1_133' title='bbox 497 3025 735 3114; x_wconf 85' lang='lat' dir='ltr'>dignissimum,</span> <span class='ocrx_word' id='word_1_134' title='bbox 770 3029 949 3092; x_wconf 88' lang='lat' dir='ltr'>Romanum</span> <span class='ocrx_word' id='word_1_135' title='bbox 978 3051 1014 3093; x_wconf 91' lang='lat' dir='ltr'>ac</span> <span class='ocrx_word' id='word_1_136' title='bbox 1038 3028 1194 3093; x_wconf 88' lang='lat' dir='ltr'>Graecum</span> 
     </span>
     <span class='ocr_line' id='line_1_21' title="bbox 238 3147 1194 3238; baseline -0.001 -26"><span class='ocrx_word' id='word_1_137' title='bbox 238 3149 278 3212; x_wconf 92' lang='lat' dir='ltr'>ad</span> <span class='ocrx_word' id='word_1_138' title='bbox 302 3171 370 3212; x_wconf 90' lang='lat' dir='ltr'>eam</span> <span class='ocrx_word' id='word_1_139' title='bbox 387 3170 530 3213; x_wconf 88' lang='lat' dir='ltr'>normam</span> <span class='ocrx_word' id='word_1_140' title='bbox 552 3149 673 3236; x_wconf 82' lang='lat' dir='ltr'>erigere</span> <span class='ocrx_word' id='word_1_141' title='bbox 697 3172 760 3214; x_wconf 91' lang='lat' dir='ltr'>non</span> <span class='ocrx_word' id='word_1_142' title='bbox 781 3171 965 3238; x_wconf 82' lang='lat' dir='ltr'>possumne,</span> <span class='ocrx_word' id='word_1_143' title='bbox 989 3149 1102 3235; x_wconf 91' lang='lat' dir='ltr'>quibus</span> <span class='ocrx_word' id='word_1_144' title='bbox 1121 3147 1194 3238; x_wconf 89' lang='lat' dir='ltr'>phi-</span> 
     </span>
     <span class='ocr_line' id='line_1_22' title="bbox 239 3267 1194 3360; baseline 0 -28"><span class='ocrx_word' id='word_1_145' title='bbox 239 3269 379 3360; x_wconf 88' lang='lat' dir='ltr'>losophia</span> <span class='ocrx_word' id='word_1_146' title='bbox 407 3269 467 3335; x_wconf 88' lang='lat' dir='ltr'>tale</span> <span class='ocrx_word' id='word_1_147' title='bbox 488 3269 608 3334; x_wconf 88' lang='lat' dir='ltr'>lacinus</span> <span class='ocrx_word' id='word_1_148' title='bbox 626 3269 709 3333; x_wconf 88' lang='lat' dir='ltr'>haud</span> <span class='ocrx_word' id='word_1_149' title='bbox 731 3291 801 3333; x_wconf 90' lang='lat' dir='ltr'>raro</span> <span class='ocrx_word' id='word_1_150' title='bbox 830 3267 1081 3334; x_wconf 83' lang='lat' dir='ltr'>commendabat.</span> <span class='ocrx_word' id='word_1_151' title='bbox 1129 3268 1194 3332; x_wconf 91' lang='lat' dir='ltr'>Ita-</span> 
     </span>
    </p>
   </div>
   <div class='ocr_carea' id='block_1_3' title="bbox 239 3388 1276 3481">
    <p class='ocr_par' dir='ltr' id='par_1_5' title="bbox 239 3388 1276 3481">
     <span class='ocr_line' id='line_1_23' title="bbox 239 3388 1276 3481; baseline -0.002 -27"><span class='ocrx_word' id='word_1_152' title='bbox 239 3413 301 3480; x_wconf 88' lang='lat' dir='ltr'>que</span> <span class='ocrx_word' id='word_1_153' title='bbox 320 3391 473 3481; x_wconf 87' lang='lat' dir='ltr'>propositi</span> <span class='ocrx_word' id='word_1_154' title='bbox 494 3402 584 3454; x_wconf 83' lang='lat' dir='ltr'>tenax</span> <span class='ocrx_word' id='word_1_155' title='bbox 609 3390 729 3455; x_wconf 77' lang='lat' dir='ltr'>atticus</span> <span class='ocrx_word' id='word_1_156' title='bbox 753 3388 835 3454; x_wconf 90' lang='lat' dir='ltr'>nibil</span> <span class='ocrx_word' id='word_1_157' title='bbox 858 3401 903 3453; x_wconf 90' lang='lat' dir='ltr'>est</span> <span class='ocrx_word' id='word_1_158' title='bbox 925 3390 1097 3455; x_wconf 88' lang='lat' dir='ltr'>amicorum</span> <span class='ocrx_word' id='word_1_159' title='bbox 1120 3411 1191 3478; x_wconf 89' lang='lat' dir='ltr'>pre·</span> <span class='ocrx_word' id='word_1_160' title='bbox 1271 3419 1276 3432; x_wconf 90' lang='lat'><strong>·</strong></span> 
     </span>
    </p>
   </div>
   <div class='ocr_carea' id='block_1_4' title="bbox 240 3510 1196 3961">
    <p class='ocr_par' dir='ltr' id='par_1_6' title="bbox 240 3510 1196 3961">
     <span class='ocr_line' id='line_1_24' title="bbox 243 3510 1195 3600; baseline 0 -25"><span class='ocrx_word' id='word_1_161' title='bbox 243 3511 330 3576; x_wconf 89' lang='lat' dir='ltr'>eibns</span> <span class='ocrx_word' id='word_1_162' title='bbox 348 3522 535 3581; x_wconf 90' lang='lat' dir='ltr'>commotus.</span> <span class='ocrx_word' id='word_1_163' title='bbox 583 3511 709 3576; x_wconf 81' lang='lat' dir='ltr'>Frustra</span> <span class='ocrx_word' id='word_1_164' title='bbox 732 3511 808 3576; x_wconf 90' lang='lat' dir='ltr'>fleus</span> <span class='ocrx_word' id='word_1_165' title='bbox 829 3523 923 3600; x_wconf 91' lang='lat' dir='ltr'>atque</span> <span class='ocrx_word' id='word_1_166' title='bbox 955 3510 1095 3576; x_wconf 73' lang='lat' dir='ltr'>osculans</span> <span class='ocrx_word' id='word_1_167' title='bbox 1123 3533 1195 3575; x_wconf 89' lang='lat' dir='ltr'>eum</span> 
     </span>
     <span class='ocr_line' id='line_1_25' title="bbox 240 3629 1191 3721; baseline 0.001 -25"><span class='ocrx_word' id='word_1_168' title='bbox 240 3632 379 3721; x_wconf 79' lang='lat' dir='ltr'>Agrippa</span> <span class='ocrx_word' id='word_1_169' title='bbox 398 3632 505 3696; x_wconf 87' lang='lat' dir='ltr'>orabat</span> <span class='ocrx_word' id='word_1_170' title='bbox 526 3643 557 3696; x_wconf 90' lang='lat' dir='ltr'>et</span> <span class='ocrx_word' id='word_1_171' title='bbox 578 3629 779 3709; x_wconf 86' lang='lat' dir='ltr'>obsecrabat,</span> <span class='ocrx_word' id='word_1_172' title='bbox 808 3654 846 3696; x_wconf 92' lang='lat' dir='ltr'>ne</span> <span class='ocrx_word' id='word_1_173' title='bbox 869 3633 907 3696; x_wconf 92' lang='lat' dir='ltr'>ad</span> <span class='ocrx_word' id='word_1_174' title='bbox 932 3633 984 3715; x_wconf 92' lang='lat' dir='ltr'>id,</span> <span class='ocrx_word' id='word_1_175' title='bbox 1017 3632 1101 3721; x_wconf 90' lang='lat' dir='ltr'>quod</span> <span class='ocrx_word' id='word_1_176' title='bbox 1131 3656 1191 3697; x_wconf 90' lang='lat' dir='ltr'>nu-</span> 
     </span>
     <span class='ocr_line' id='line_1_26' title="bbox 240 3751 1193 3843; baseline 0.006 -29"><span class='ocrx_word' id='word_1_177' title='bbox 240 3763 309 3816; x_wconf 87' lang='lat' dir='ltr'>tura</span> <span class='ocrx_word' id='word_1_178' title='bbox 340 3763 482 3840; x_wconf 90' lang='lat' dir='ltr'>cogeret,</span> <span class='ocrx_word' id='word_1_179' title='bbox 517 3751 584 3840; x_wconf 90' lang='lat' dir='ltr'>ipse</span> <span class='ocrx_word' id='word_1_180' title='bbox 613 3775 738 3843; x_wconf 90' lang='lat' dir='ltr'>quoque</span> <span class='ocrx_word' id='word_1_181' title='bbox 770 3755 979 3820; x_wconf 87' lang='lat' dir='ltr'>acceleraret:</span> <span class='ocrx_word' id='word_1_182' title='bbox 1017 3766 1193 3820; x_wconf 87' lang='lat' dir='ltr'>constanter</span> 
     </span>
     <span class='ocr_line' id='line_1_27' title="bbox 243 3874 1196 3961; baseline 0.002 -23"><span class='ocrx_word' id='word_1_183' title='bbox 243 3887 274 3939; x_wconf 86' lang='lat' dir='ltr'>et</span> <span class='ocrx_word' id='word_1_184' title='bbox 295 3884 360 3937; x_wconf 92' lang='lat' dir='ltr'>tum</span> <span class='ocrx_word' id='word_1_185' title='bbox 395 3874 502 3961; x_wconf 90' lang='lat' dir='ltr'>generi</span> <span class='ocrx_word' id='word_1_186' title='bbox 532 3875 684 3960; x_wconf 77' lang='lat' dir='ltr'>lacrymas</span> <span class='ocrx_word' id='word_1_187' title='bbox 716 3876 872 3943; x_wconf 72' lang='lat' dir='ltr'>taciturni</span> <span class='ocrx_word' id='word_1_188' title='bbox 901 3877 953 3940; x_wconf 80' lang='lat' dir='ltr'>sud</span> <span class='ocrx_word' id='word_1_189' title='bbox 989 3877 1196 3942; x_wconf 84' lang='lat' dir='ltr'>obstinatione</span> 
     </span>
    </p>
   </div>
   <div class='ocr_carea' id='block_1_5' title="bbox 283 4147 770 4220">
    <p class='ocr_par' dir='ltr' id='par_1_7' title="bbox 283 4147 770 4220">
     <span class='ocr_line' id='line_1_28' title="bbox 283 4147 770 4220; baseline -0.002 -16"><span class='ocrx_word' id='word_1_190' title='bbox 283 4147 291 4178; x_wconf 85' lang='lat'><strong>¹</strong></span> <span class='ocrx_word' id='word_1_191' title='bbox 330 4155 416 4220; x_wconf 81' lang='lat' dir='ltr'>Nepos</span> <span class='ocrx_word' id='word_1_192' title='bbox 434 4170 457 4205; x_wconf 87' lang='lat' dir='ltr'>o.</span> <span class='ocrx_word' id='word_1_193' title='bbox 477 4151 544 4207; x_wconf 85' lang='lat' dir='ltr'>lllll.</span> <span class='ocrx_word' id='word_1_194' title='bbox 562 4173 585 4204; x_wconf 85' lang='lat' dir='ltr'>c.</span> <span class='ocrx_word' id='word_1_195' title='bbox 604 4153 687 4204; x_wconf 88' lang='lat' dir='ltr'>Xllll.</span> <span class='ocrx_word' id='word_1_196' title='bbox 708 4157 770 4208; x_wconf 86' lang='lat' dir='ltr'>init.</span> 
     </span>
    </p>
   </div>
   <div class='ocr_carea' id='block_1_6' title="bbox 0 0 1539 5146">
    <p class='ocr_par' dir='ltr' id='par_1_8' title="bbox 0 0 1539 5146">
     <span class='ocr_line' id='line_1_29' title="bbox 0 0 1539 5146; baseline 0 0"><span class='ocrx_word' id='word_1_197' title='bbox 0 0 1539 5146; x_wconf 95' lang='lat' dir='ltr'> </span> 
     </span>
    </p>
   </div>
  </div>
 </body>
</html>
