3042 5146
633 613 675 673 79

183 799 369 869 tenebatur,
394 787 553 854 imbecilli
585 785 763 854 valetudine
798 787 957 874 puellam,
981 789 1132 876 plurimos

182 939 303 984 menses
320 913 400 978 febri
414 919 563 974 tentatam
577 906 726 985 dolebat,
753 918 863 972 uttam
882 905 1006 996 ipsum,
1025 909 1136 976 eodem

182 1038 286 1106 morbi
306 1055 418 1124 genere
436 1027 604 1107 affectum,
629 1050 724 1116 quam
746 1028 859 1092 Piliam
892 1030 1135 1118 trepidus—solli-

180 1163 291 1228 citaret
322 1157 459 1246 angor1.
517 1127 598 1218 'lluc
632 1151 766 1218 alterum
794 1153 963 1219 accedebat
996 1154 1112 1218 malum
1126 1201 1137 1234 ,

178 1304 242 1370 per.
255 1303 288 1345 se
309 1279 381 1344 satis
404 1295 552 1363 magnum
584 1297 643 1340 nec
675 1275 735 1341 nisi
766 1275 860 1363 longo
893 1289 1038 1365 tempore
1066 1291 1136 1367 post

179 1405 348 1472 sublatum.
397 1398 592 1465 Numerabat
610 1399 715 1476 euim,
749 1410 784 1462 ut
816 1400 981 1475 norimus,
1014 1397 1138 1465 Atticus

180 1525 313 1614 optimas
330 1544 398 1588 suas
418 1519 570 1607 longeque
591 1517 740 1606 plurimas
759 1517 961 1605 possessiones
981 1516 1013 1581 iu
1026 1518 1135 1607 Epiro.
1183 1545 1187 1551 ·

180 1646 269 1713 Bello
284 1655 388 1731 autem
407 1640 493 1707 civili
513 1639 679 1715 confecto,
707 1636 820 1704 Caesar
843 1637 925 1702 inter
953 1635 1052 1702 multa
1077 1636 1137 1702 alia

179 1791 266 1859 agros
279 1770 371 1834 etiam
384 1764 568 1832 Buthrotios
591 1764 749 1831 militibus
774 1765 913 1853 praemia
935 1779 1136 1832 concesserat.

146 1895 149 1898 ’
180 1893 223 1960 Ut
244 1889 382 1979 primum
403 1908 454 1951 eos
477 1883 669 1974 proscriptos
690 1883 796 1964 uidit,
821 1895 995 1950 commotus
1015 1885 1139 1950 Atticus

179 2010 321 2076 libellum
335 2007 510 2097 composuit
522 2019 553 2071 et
577 2005 723 2072 Ciceroni
736 2006 827 2072 dedit
841 2055 850 2086 ,
876 2019 910 2072 ut
921 2007 1010 2073 daret
1021 2005 1136 2073 Gaesa-

179 2133 229 2210 ri,
252 2129 337 2219 apud
358 2150 453 2219 quem
474 2127 528 2192 ille
548 2141 616 2195 erat
633 2149 671 2193 eo
695 2127 747 2191 die
769 2140 969 2199 coenaturus.
1015 2129 1138 2194 Libello

180 2263 330 2340 accepto,
357 2247 467 2314 Caesar
487 2247 632 2336 probarit
653 2269 803 2329 causam,
838 2248 997 2337 rescripsit
1027 2248 1134 2315 Attico

179 2361 278 2462 aequa
298 2394 370 2438 eum
389 2369 567 2459 postulare:
595 2367 759 2432 admonuit
779 2380 903 2449 tamen,
928 2382 963 2433 ut
975 2366 1134 2434 Buthrotii

60 2549 63 2554 -
176 2501 329 2588 reliquam
341 2499 527 2586 imperatam
548 2493 741 2583 pecuniam,
767 2493 875 2582 (quam
897 2515 994 2582 quum
1018 2494 1136 2559 solvere

177 2633 267 2686 autea
289 2619 449 2686 differrent
462 2665 472 2697 ,
486 2613 606 2680 .Gaesar
618 2627 727 2679 eorum
747 2635 854 2703 agrum
872 2615 1095 2703 proscripserat
1108 2618 1135 2703 ,l

176 2739 217 2804 ad
237 2739 322 2803 diem
333 2737 497 2804 solverent.
546 2734 692 2813 Atticus,
720 2735 774 2824 qui
794 2735 952 2800 civitatem
974 2756 1135 2800 conserva·

177 2873 240 2925 tam
262 2868 414 2946 cuperet,
450 2854 622 2943 pecuniam
651 2853 827 2919 numeravit
857 2853 896 2918 de
929 2879 997 2924 suo.
1045 2855 1135 2940 Quod

175 3003 274 3071 quum
304 2992 371 3044 erat
391 2979 530 3054 lactum,
556 2989 587 3040 et
622 2973 734 3041 Cicero
766 2987 798 3039 et
832 2975 958 3042 Atticus
989 2975 1134 3040 adierunt

174 3098 413 3177 arcesserem,
438 3097 531 3163 rerba
556 3097 698 3162 fecerunt
716 3119 775 3185 pro
795 3096 992 3176 Buthrotiis,
1016 3095 1133 3164 libera-

172 3222 326 3288 lissimum
350 3218 512 3283 decretum
544 3216 765 3296 abstulerunt,
802 3216 886 3304 quod
918 3219 1019 3282 luerat
1050 3219 1135 3282 obsi·

172 3355 302 3433 gnatum
323 3341 363 3405 ab
383 3336 580 3426 amplissimis
602 3336 688 3402 viris.
711 3335 775 3401 Sed
798 3336 847 3400 vel
871 3337 915 3402 sic
941 3348 1045 3402 tamen
1059 3358 1133 3424 pas-

172 3487 222 3530 sus
242 3474 287 3528 est
308 3459 418 3528 Caesar
442 3457 607 3524 convenire
629 3477 703 3535 eos,
728 3456 784 3544 qui
806 3477 915 3545 agrurn
926 3454 1131 3522 Buthrotium

171 3583 409 3671 concupissent:
447 3600 550 3667 neque
581 3576 680 3642 solum
703 3599 809 3664 passus
842 3587 887 3639 est
900 3625 910 3655 ,
946 3576 999 3640 scd
1032 3577 1128 3640 etiam

172 3705 231 3772 Gn.
257 3705 406 3770 Plancum
422 3701 451 3766 ei
473 3697 597 3788 negotio
620 3697 782 3785 praefecit.
832 3695 944 3783 ltaque
963 3704 995 3757 et
1018 3692 1132 3760 Cicero

172 3849 245 3890 cum
266 3825 320 3889 illo
340 3823 461 3891 locutus
488 3835 553 3900 est,
579 3834 610 3886 et
632 3820 753 3908 saepius
779 3817 930 3907 quidem;
965 3830 999 3880 ut
1031 3819 1127 3882 etiam

215 4065 223 4098 ¹
264 4067 313 4130 Ep.
335 4069 361 4118 t.
379 4063 392 4131 §
412 4065 445 4130 23
466 4065 516 4129 Ep.
536 4064 610 4132 ld.§
637 4066 706 4133 μς
726 4067 776 4130 Ep.
794 4067 838 4118 33.
863 4065 954 4132 §iet
973 4064 1088 4130 passim.
