3042 5140
781 563 844 626 186

331 745 403 808 anui
433 741 563 819 ordine,
597 740 744 831 deinceps
765 741 1101 830 complectebautnr¹.
1144 745 1283 816 concio.

330 887 390 942 ne,
432 862 496 926 imo
537 859 620 924 baurl
661 882 731 924 raro
754 862 864 949 jejune
893 861 1002 951 scripti
1031 866 1184 952 ejusmodi
1212 873 1289 938 libri

329 985 440 1062 inere,
471 980 585 1072 quibus
613 979 691 1045 adeo
711 980 898 1070 plerumque
918 981 984 1047 sine
1002 985 1074 1051 ullis
1095 993 1287 1058 ornamentis

328 1103 521 1168 monimenta
541 1098 641 1166 solum
660 1101 932 1166 constituebantur
951 1116 1153 1192 temporum,
1179 1110 1287 1176 bomi-

328 1245 426 1302 num,
462 1223 601 1287 locorum
629 1229 849 1310 gestarumque
870 1243 1001 1302 rerum,
1026 1236 1060 1288 ut
1082 1225 1121 1289 arl
1146 1225 1283 1295 Annales

326 1342 505 1411 scribendos
537 1341 609 1407 satis
638 1339 831 1421 haberetur,
866 1363 929 1408 nou
961 1363 1028 1409 esse
1049 1346 1231 1414 mendacem
1247 1357 1279 1418 ².

326 1465 492 1548 Pomponii
513 1463 662 1532 Annalis
683 1474 789 1528 utrum
808 1462 941 1528 exilibus
962 1463 1027 1529 istis
1039 1466 1195 1553 etjejnuis
1207 1492 1284 1557 ope·

326 1589 413 1654 ribus
432 1583 638 1652 accensendus
653 1582 693 1648 sit
713 1606 753 1647 au
773 1582 995 1673 excipiendus,
1020 1608 1113 1651 nemo
1130 1587 1284 1655 faciledi·

324 1707 414 1776 xcrit.
460 1706 498 1773 ld
527 1728 600 1772 vero
629 1729 646 1771 e
676 1706 799 1796 Nepote
829 1717 862 1771 et
894 1703 1047 1774 Oieerouc
1076 1726 1275 1800 compertum

325 1827 497 1907 habemns,
522 1850 599 1917 opus
618 1827 711 1893 fuiss
731 1849 786 1891 suo
806 1849 920 1917 genere
941 1829 1126 1918 palmarium
1145 1837 1277 1923 magub-

324 1971 385 2039 que
406 1971 479 2017 cum
502 1948 678 2014 eruditione
697 1960 766 2012 tum
788 1947 951 2037 diligentia
973 1951 1180 2023 elaboratum.
1232 1957 1277 2024 U-

324 2069 463 2158 trinaque
485 2069 578 2133 rerba
599 2089 803 2156 apponamus.
837 2069 981 2134 «Totam
1004 2072 1277 2162 antiquitatem»,

322 2190 367 2255 ait
388 2191 514 2279 Nepos,
538 2190 603 2252 «in
624 2211 661 2254 eo
678 2189 838 2255 volumine
848 2194 1013 2280 exposuit,
1039 2218 1101 2284 quo
1114 2199 1277 2287 magistra·

322 2324 371 2376 tus
392 2309 523 2377 ornarit.
570 2307 663 2374 Nulla
683 2311 766 2376 enirn
791 2309 862 2390 lex,
888 2335 992 2403 neque
1005 2315 1146 2397 bellum,
1171 2341 1276 2412 neque

320 2456 368 2500 res
398 2433 526 2500 illustris
545 2444 592 2499 est
608 2433 719 2522 populi
742 2435 897 2518 Romani,
921 2458 1001 2525 quae
1022 2458 1087 2502 non
1107 2438 1141 2502 iu
1161 2461 1199 2505 eo
1221 2464 1277 2508 suo

253 2595 258 2604 ·
321 2572 462 2648 tempore
496 2558 534 2624 sit
566 2571 691 2626 notata:
727 2568 782 2636 et,
817 2557 902 2647 quod
934 2557 1158 2626 difficillimum
1191 2562 1274 2642 luit,

319 2681 363 2747 rio
381 2679 572 2745 familiarum
584 2678 736 2768 originem
758 2678 939 2759 subtexuit,
964 2691 999 2743 ut
1019 2670 1272 2748 exeoclarorom

319 2805 454 2869 virorum
476 2801 660 2891 propagines
680 2800 833 2890 possimus
854 2821 1073 2888 cognoscere»
1088 2805 1118 2870 ³.
1143 2798 1273 2867 Cicero-

356 3130 366 3165 ¹
404 3134 469 3188 Vid.
493 3136 604 3187 omuino
636 3136 741 3188 Gellius
759 3139 798 3190 N.
814 3139 848 3193 A.
867 3140 928 3192 tib.
947 3138 982 3193 V.
998 3160 1022 3192 e.
1042 3145 1091 3207 18,
1111 3143 1160 3194 ubi
1176 3144 1209 3193 de
1228 3143 1274 3196 bi-

316 3241 415 3292 storiae
437 3244 463 3290 et
485 3233 627 3288 annalium
650 3235 812 3287 discrimine
832 3234 933 3302 agitur.
954 3239 994 3292 cl.
1011 3243 1098 3293 Groen
1117 3259 1132 3295 v
1161 3243 1272 3306 Prinas..

315 3339 378 3409 drap,
402 3339 433 3389 da
463 3335 603 3388 Lssoelr'o
629 3334 784 3405 Antipatro,
817 3335 970 3390 Annalibus
995 3339 1078 3398 Acad.
1106 3340 1272 3406 Lugd.Bat.

313 3439 437 3497 inserta,
456 3451 485 3501 p.
502 3431 547 3485 28.
565 3431 702 3494 Origiuem
724 3431 868 3485 annalium
890 3436 964 3502 apud
987 3439 1119 3489 Romanos
1137 3457 1272 3507 quaereu-

313 3537 377 3586 dam
396 3550 451 3586 esse
470 3534 498 3582 in
519 3529 645 3581 annalibus
667 3533 787 3596 maaer'mi,
806 3535 898 3584 Cicero
919 3535 998 3588 docte
1014 3539 1074 3591 Lib.
1096 3536 1139 3592 ll.
1156 3541 1186 3594 da
1204 3542 1274 3596 Orat.

309 3651 333 3685 ς,
364 3635 405 3690 12
432 3637 448 3703 ᾗ
476 3631 520 3684 53.
554 3631 644 3680 Postea
675 3629 828 3682 historiarum
855 3649 953 3684 nomen
977 3653 1028 3688 usu
1055 3646 1095 3689 est
1116 3647 1269 3708 receptam.

310 3726 378 3785 Vid.
395 3733 505 3796 Nauia,
523 3729 587 3800 disp.
605 3729 635 3780 le
656 3729 688 3783 l.
704 3727 791 3781 coelio
811 3731 893 3803 Antip.
910 3767 920 3796 ,
938 3753 968 3801 p.
986 3738 1016 3789 9.
1033 3745 1094 3790 uot.
1113 3741 1157 3793 11.

332 3829 359 3888 ,²
399 3827 710 3897 cic.1.1.§51,53.
1158 3883 1163 3890 .

347 3935 358 3968 a
396 3934 482 3998 Nepos
510 3931 560 3979 Vir.
595 3929 648 3983 An.
685 3947 710 3980 c.
730 3927 864 4000 Xb'lll.§
887 3936 963 3996 1,2·
983 3937 1089 3989 Vossius
1105 3939 1166 3992 Lib.
1188 3941 1213 3995 l.
1231 3943 1266 3993 do

308 4035 370 4090 Nar.
395 4035 479 4084 artium
508 4032 565 4102 sivg
585 4029 615 4080 de
640 4031 781 4095 Plilclogia
803 4049 830 4082 c.
852 4031 933 4085 Xlll.
961 4037 975 4104 §
1001 4037 1016 4088 5
1042 4039 1190 4106 opinatur,
1218 4059 1266 4105 ea,
