3042 5146
684 591 743 652 ill

225 773 293 838 ullo
324 769 451 868 homine
482 779 601 832 tantum
631 766 787 834 facilitatis
807 786 843 830 ac
863 771 1107 838 mansuetudinis
1130 796 1193 862 po·

228 891 370 958 tuatim»
387 893 415 957 ¹.

273 1013 335 1080 Sed
358 1012 627 1100 operaepretium
650 1023 695 1076 est
716 1011 779 1078 boc
801 1012 871 1078 loco
893 1016 1190 1101 paucisvimanim-

226 1133 408 1210 advertere,
456 1153 549 1220 quarn
583 1133 615 1196 in
646 1143 709 1197 tota
740 1133 805 1219 lere
837 1132 996 1200 Ciceronis
1027 1136 1090 1220 vita
1124 1139 1189 1227 ipsi

226 1254 280 1317 sual
302 1251 471 1342 prudentii
492 1251 615 1317 Atticus
639 1250 795 1321 habuerit.
844 1253 887 1320 Ut
909 1255 1005 1344 igitur
1027 1258 1122 1322 verbo
1140 1258 1192 1323 di·

226 1393 353 1450 camus,
394 1384 457 1436 tam
481 1371 515 1434 in
538 1369 742 1452 domesticis,
767 1374 852 1462 quod
875 1375 1018 1464 pluribus
1040 1379 1189 1469 exemplis

225 1491 354 1581 probari
382 1491 500 1579 possit,
525 1514 619 1579 quam
645 1492 677 1556 in
710 1493 845 1582 publicis
870 1494 982 1575 rebus,
1007 1496 1088 1561 nibil
1120 1521 1189 1563 ma·

227 1612 283 1702 gui
306 1611 433 1700 exsequi
447 1609 558 1676 Cicero
570 1610 709 1690 solebat,
735 1613 794 1678 nisi
811 1615 918 1680 Attico
941 1639 996 1682 suo
1016 1618 1101 1706 prius
1114 1639 1190 1685 con·

228 1734 311 1799 sulto
352 1716 493 1822 laetique
534 1733 791 1823 comprobatione
826 1747 979 1823 accepta3
1017 1737 1094 1823 quin
1126 1737 1190 1802 imo

227 1857 294 1942 ejus
309 1853 445 1920 consiliis
461 1853 538 1918 adeo
573 1855 634 1918 fuit
665 1853 785 1932 lretus,
821 1865 855 1918 ut
885 1850 970 1917 haud
999 1853 1095 1918 semel
1122 1855 1188 1941 jam

226 1976 307 2040 inita
334 1974 464 2040 consilia
489 1973 681 2041 revocaverit
711 1985 749 2038 et'
760 1973 901 2051 miserit,
932 1972 1060 2062 quando
1081 1972 1187 2038 Attico

224 2093 316 2162 aliter
336 2095 438 2160 iuerat
448 2093 547 2159 visum
561 2099 591 2162 ².
614 2093 694 2160 Nam
714 2097 856 2180 χρησμῶν
876 2093 972 2157 instar
997 2092 1095 2159 latici
1114 2116 1189 2160 sen-

226 2214 338 2280 tentias
360 2214 533 2302 expiscatus
551 2213 819 2302 atqueamplerus
841 2225 886 2278 est
900 2217 929 2280 ³.
955 2214 1066 2303 Neque
1082 2227 1186 2279 tamen

224 2348 391 2424 propterea
415 2334 590 2423 quidquam
612 2333 780 2398 detrectari
791 2331 830 2396 de
847 2332 944 2398 Tullii
968 2333 1059 2398 laude
1072 2333 1188 2414 velim,

227 2457 317 2542 cujus
360 2475 433 2519 sane
468 2452 501 2515 in
534 2451 626 2517 rebus
669 2450 813 2540 gerendis
844 2451 1044 2540 prudentiam
1065 2467 1188 2520 tautum
1261 2445 1265 2452 “

226 2589 266 2641 ut
289 2575 376 2665 parvi
407 2573 519 2640 faciam
551 2572 657 2649 abest,
691 2583 725 2636 ut
746 2570 895 2636 admirari
928 2572 999 2638 satis
1029 2594 1097 2637 eam
1124 2596 1188 2638 non

225 2695 363 2784 possim3
391 2693 444 2761 sed
467 2693 560 2760 simul
579 2691 673 2781 hujus
696 2693 774 2760 tanti
798 2692 858 2756 viri
881 2693 920 2758 dc
947 2693 1063 2758 eximia
1089 2694 1188 2761 Attici

227 2816 396 2906 prudentia
422 2816 579 2882 continuis
599 2814 786 2881 testimoniis
807 2836 844 2880 eo
863 2814 959 2903 magis
978 2813 1188 2895 adducimur,

226 2949 261 3002 ut
277 2934 433 3025 singulare
449 2935 543 3023 plane
564 2935 594 2999 ei
613 2936 816 3023 praeconium
836 2934 897 3002 boc
915 2936 1043 3002 nomine
1061 2936 1187 3002 tribua-

226 3077 294 3120 mus
324 3065 356 3116 ct
385 3050 544 3117 Ciceronis
572 3051 700 3118 laudum
724 3053 755 3118 in
779 3055 965 3143 capessenda
996 3055 1184 3144 republica,

225 3177 293 3265 ipso
312 3180 507 3263 praeeunte,
539 3195 683 3262 magnam
704 3186 825 3263 partem
849 3173 956 3240 Attico
980 3175 1187 3242 vindicemus.

225 3296 389 3375 Vidimus,
414 3318 476 3384 quo
499 3294 631 3372 ardore,
658 3292 784 3380 singulis
807 3293 999 3381 temporibus
1010 3292 1070 3358 suis
1083 3340 1093 3371 ,
1117 3295 1183 3380 ejus

264 3452 274 3482 ¹
313 3456 624 3526 nto.1.np.no.§1.

263 3554 274 3588 ²
314 3559 366 3610 lioc
395 3559 454 3626 ipso
482 3555 640 3610 Ciceronem
668 3557 813 3609 adulatum
838 3559 942 3622 egregie
963 3558 1045 3610 fuisse
1064 3560 1182 3611 vanitati

226 3655 311 3707 Attici
328 3658 456 3724 opinatus
475 3665 516 3710 est
533 3657 630 3709 ceteris
647 3655 733 3726 hujus
747 3657 978 3708 obtrectatoribus
990 3655 1188 3710 adscribendus

228 3752 386 3806 Bernardus
397 3793 408 3823 ‚
437 3759 588 3828 Naustalo.
606 3760 647 3812 lit.
658 3795 669 3824 ,
688 3757 791 3810 Gallice
809 3760 890 3810 oditis
908 3761 941 3814 Α.
961 3761 1028 3815 1716
1039 3797 1049 3824 ,
1068 3778 1097 3826 p.
1116 3761 1186 3825 301,

225 3870 280 3919 quo
298 3852 358 3905 loco
378 3871 518 3908 censuram
538 3849 652 3908 exhibet
670 3857 798 3908 editionis
814 3859 999 3925 Epistolarum
1009 3896 1018 3924 ,
1039 3877 1122 3926 quam
1134 3879 1186 3926 pn-

226 3952 298 4003 ravit
317 3952 493 4015 Mongaltius.
511 3957 561 4006 Sed
580 3955 647 4008 haec
668 3957 788 4010 leviora.

263 4043 273 4074 ³
311 4051 373 4102 Lib.
395 4050 442 4104 IX.
460 4056 511 4122 Ep,
532 4060 573 4110 to.
591 4057 605 4124 §
623 4058 649 4109 5.
