2970 5144
845 507 888 570 26

373 707 479 752 amore
501 686 681 775 complexus
708 699 777 767 est,
809 698 845 752 ut
868 687 1020 778 quamdiu
1041 689 1173 758 Athenis
1196 717 1334 766 versare·

372 824 448 889 tur,
478 809 568 876 illum
598 833 704 878 secum
738 811 890 893 baberet,
926 823 1035 901 captus
1067 811 1272 882 odolescentia
1298 836 1332 888 et

370 933 566 1000 humanitate
586 948 617 1001 et
637 935 791 1002 doctrind.
828 933 907 1000 Inde
929 933 1115 1022 persuadere
1136 935 1242 1004 Attico
1274 941 1330 1007 ni-

370 1056 519 1136 tebatur,
541 1069 577 1122 ut
596 1055 735 1122 Athenas
745 1055 938 1144 relinqueret
950 1067 1004 1136 et,
1024 1054 1212 1144 tranquilli,
1232 1083 1329 1149 qnam

367 1179 433 1243 illio
463 1179 664 1260 instituerat,
691 1179 815 1246 risendi
840 1179 1018 1268 agendique
1046 1180 1167 1246 ratione
1192 1183 1325 1264 relicti,

366 1299 501 1364 Romam
525 1299 556 1363 in
585 1299 703 1364 medias
730 1300 835 1366 turbas
868 1299 1044 1389 caedesque
1077 1322 1108 1371 so
1142 1303 1324 1390 conjiceret.

365 1420 428 1487 Sed
452 1443 556 1509 neque
578 1421 716 1488 amicitia
738 1443 796 1488 neo
817 1442 924 1509 preces
945 1420 1118 1510 quidquam
1143 1423 1319 1506 valuerun13

364 1540 519 1629 propositi
552 1553 642 1606 terror
676 1552 852 1608 constanter
870 1541 1009 1608 reditum
1031 1543 1167 1632 negarit.
1190 1545 1318 1626 «Noli,

364 1683 419 1726 oro
432 1674 462 1726 te
476 1711 484 1740 ,
497 1686 517 1725 >r
544 1662 670 1751 inquit,
701 1685 722 1726 «
733 1662 896 1730 adversum
924 1686 977 1730 eos
1006 1686 1058 1732 me
1089 1664 1168 1730 velle
1187 1666 1319 1748 ducere,

362 1805 435 1848 cum
453 1782 567 1872 quibus
584 1805 624 1848 ne
646 1795 755 1849 contra
777 1798 809 1850 te
833 1807 920 1850 arma
939 1785 1078 1865 ferrem,
1098 1786 1224 1852 Italiam
1247 1789 1320 1854 reli·

361 1905 427 1993 qui.
441 1929 461 1968 >›
491 1905 563 1971 Non
586 1918 711 1993 poterat
736 1927 799 1970 non
832 1905 921 1972 Sulla
940 1903 1002 1972 boo
1029 1907 1232 1974 adolescentis
1251 1910 1319 1976 offi·
1391 1939 1399 1950 *

362 2025 448 2090 cium
483 2024 685 2102 collaudare;
725 2036 918 2114 quapropter
955 2048 1101 2116 responso
1138 2028 1317 2117 acquievit,

359 2147 412 2212 sed
443 2148 576 2212 Romam
609 2146 733 2211 rediens
763 2147 869 2212 omnia
900 2168 1030 2212 munera
1044 2194 1054 2225 ,
1081 2167 1162 2234 quae
1185 2145 1320 2214 Athenis

358 2278 545 2354 acceperat,
576 2270 605 2332 ei
629 2267 721 2355 jussit
751 2268 869 2334 deferri
885 2269 912 2336 ¹.
947 2267 1117 2334 Videamus
1145 2270 1232 2358 jam,
1254 2292 1316 2358 qua

356 2389 477 2454 ratione
494 2388 617 2456 Atticus
637 2389 719 2454 inter
739 2389 944 2466 Athenienses
961 2389 1057 2454 vitam
1075 2391 1269 2478 transegerit.

405 2507 462 2572 Uti
485 2506 659 2572 studiorum
681 2508 781 2596 qratiri
801 2507 939 2574 Athenas
962 2507 1159 2596 potissimum
1183 2509 1318 2597 Pompo·

358 2628 426 2696 nius
459 2652 491 2695 se
516 2628 716 2707 contulerat,
748 2629 792 2696 ita
819 2629 918 2694 literis
938 2641 968 2692 et
988 2625 1208 2716 philosophiae
1229 2628 1316 2694 nari·

355 2763 403 2816 ter
424 2772 551 2837 operam
573 2750 685 2829 dedit;
712 2772 774 2838 qua
791 2750 824 2814 in
850 2772 884 2814 re
900 2770 972 2814 mor
1000 2751 1119 2814 socium
1141 2763 1250 2818 nactus
1271 2765 1315 2819 est

352 2877 436 2942 varii
460 2875 621 2940 doctrinae
650 2873 742 2939 laude
770 2875 852 2940 inter
886 2875 1030 2963 aequales
1057 2873 1309 2955 nobilissimum,

352 2999 397 3066 Μ.
420 2997 559 3064 Tullium
583 2995 781 3064 Ciceronem.
806 2996 968 3085 Hic,pari
985 2995 1203 3085 philosophiae
1227 3021 1312 3063 amo·

351 3139 385 3184 re
409 3119 563 3205 flagrans,
581 3118 614 3181 in
637 3117 872 3182 celeberrimam
894 3118 982 3182 illam
1010 3130 1041 3182 et
1065 3118 1312 3208 antiquissimam

350 3240 565 3306 doctrinarum
606 3238 713 3304 sedem
748 3240 872 3328 juvenis
903 3239 1079 3330 proiectus,
1114 3253 1248 3307 veterem
1279 3256 1311 3308 et

349 3358 638 3446 condiscipulatum
669 3371 700 3423 et
732 3381 804 3424 vero
828 3358 1001 3424 amicitiam
1022 3365 1095 3426 curri
1126 3361 1231 3426 Attico
1259 3383 1310 3428 rc-

352 3484 498 3561 noravit,
518 3505 597 3572 quae
620 3483 689 3548 talis
708 3483 877 3574 aliquando
889 3483 1005 3561 erasit,
1025 3483 1125 3574 qualis
1137 3484 1218 3549 inter
1236 3505 1308 3574 pro-

352 3602 407 3665 bos
436 3601 564 3668 demum
593 3602 768 3692 iisdemque
801 3602 910 3668 studiis
940 3602 1049 3670 ductos
1076 3602 1216 3668 homines
1245 3625 1308 3668 csse

350 3725 458 3812 possit.
481 3723 600 3790 Eodem
612 3726 773 3792 literarum
787 3724 917 3804 ardore,
931 3725 1041 3790 eodem
1056 3725 1168 3791 imbuti
1180 3722 1305 3815 pulchri

443 4005 530 4068 Nepos
549 4023 573 4054 e.
594 4001 639 4053 l'l.
658 4002 671 4068 §
691 4005 715 4052 l..
735 3999 759 4050 9.
