3042 5146
412 648 422 686 ,
671 553 818 662 eo‘

212 783 331 858 tirum,
363 778 455 844 modo
489 778 593 866 aliqua
626 779 746 845 ratione
774 777 913 868 periculo
947 779 1121 868 eriperetur
1139 783 1167 847 ¹.

216 902 263 967 lle
284 901 428 966 omnibus
451 923 537 966 more
560 923 621 966 suo·
649 902 688 966 ad
716 904 858 970 Atticum
882 903 1100 992 scriptitabat,
1133 927 1169 968 ex

213 1023 305 1113 hujus
324 1023 521 1111 potissimum
543 1025 696 1088 sententia
724 1025 853 1090 consilia
887 1039 1033 1114 capturus
1049 1033 1078 1094 ².
1127 1030 1169 1094 lt

213 1139 287 1210 care
296 1154 387 1230 putes
398 1142 605 1231 Pomponium
617 1141 714 1210 unuin
722 1195 732 1224 ‚
745 1146 785 1210 ab
798 1147 885 1210 omni
895 1148 1038 1236 periculo
1050 1160 1167 1227 tutum,

213 1276 276 1327 tarn
322 1263 465 1351 gravibus
502 1264 648 1352 procellis
685 1279 805 1332 eertum
837 1280 964 1355 portum
1004 1269 1166 1334 invenisse.

212 1388 282 1454 lmo
315 1387 481 1476 repentina
497 1399 685 1477 tempestas,
711 1401 782 1454 ante
804 1391 870 1479 ejus
901 1389 1027 1454 aedesa
1061 1389 1170 1454 sediti-

214 1507 272 1574 osis
302 1508 439 1574 sortasse·
466 1511 588 1590 ciribus
618 1509 785 1592 suscitata,
821 1534 969 1599 magnum
998 1513 1029 1577 ei
1061 1512 1170 1600 injecit

214 1630 375 1696 horrorem
395 1632 541 1718 etgraria
564 1645 608 1696 est
628 1631 776 1700 minatus.
826 1629 958 1698 Coactus
985 1634 1081 1722 igitur
1102 1623 1175 1699 suos¹

214 1753 252 1816 ad
264 1775 359 1819 ¹arma
377 1775 487 1818 vocare
500 1801 509 1833 ,
523 1751 561 1816 ad
581 1751 786 1818 resistendum
802 1774 833 1816 sc
853 1767 1040 1840 paraverat,
1065 1756 1091 1818 si
1113 1755 1168 1844 qui

214 1876 366 1965 impetum
390 1877 492 1942 lacere
514 1887 680 1942 tentarent.
729 1873 875 1940 Feliciter
895 1888 1012 1962 „tamen
1046 1876 1172 1940 nimbus

215 1999 268 2064 ille
290 1999 352 2064 cito
374 2000 496 2065 transiit
519 2021 622 2088 neque
644 1997 759 2062 iterum
793 1996 973 2084 apparuisse
1004 1995 1126 2062 videtur
1141 2001 1171 2065 ³.

217 2122 340 2188 Atticus
356 2135 464 2187 autern
487 2123 586 2187 Bruto
607 2121 709 2186 farere
730 2141 919 2208 magnopere
939 2119 1075 2207 perrexit
1098 2119 1168 2184 sual-

216 2266 277 2332 que
296 2241 463 2331 prudentib
477 2243 606 2331 adjuvit.
632 2241 763 2331 Semper
776 2265 813 2307 eo
834 2242 878 2307 sic
890 2243 991 2306 fueret
1011 2263 1103 2320 usus,
1123 2254 1158 2306 ut

217 2365 304 2430 nullo
327 2365 379 2428 ille
410 2353 588 2430 adolescens
616 2363 740 2453 aequali
771 2361 954 2428 familiarius
989 2384 1082 2449 quarn
1112 2361 1173 2424 boe

217 2509 309 2552 sene:
337 2509 440 2575 neque
459 2485 559 2550 solum
590 2507 662 2549 eum
689 2483 866 2572 principem
888 2480 1009 2548 consilii
1036 2480 1169 2558 habuit,

218 2610 384 2676 sedetiam
408 2609 442 2672 in
466 2607 613 2674 convictu
628 2611 657 2674 ⁴.
716 2608 827 2694 ltaque
856 2606 922 2693 ipse
955 2605 994 2670 arl
1021 2606 1175 2681 Brutum,

256 2751 263 2784 ¹
304 2763 352 2828 up.
371 2761 429 2828 cr
450 2764 474 2812 1.
1177 2725 1182 2730 ’

252 2879 263 2913 u
304 2859 378 2912 Vide
397 2880 419 2914 e.
438 2859 541 2926 g.1.tb,
559 2861 627 2912 ult.
649 2862 699 2927 up.
728 2859 772 2912 15.
798 2859 812 2927 §
834 2861 866 2925 33
895 2860 943 2926 Ep·
963 2859 1039 2924 16.§
1067 2857 1098 2922 23
1125 2857 1176 2922 Ep.

215 2959 512 3032 17.§4;1tp.19.§
542 2961 573 3028 63
593 2961 641 3027 up.
661 2957 794 3028 2904'123
815 2957 1021 3028 Ltb.ltV.Ep.
1044 2959 1070 3026 4.
1101 2960 1113 3029 §
1143 2959 1178 3042 43

216 3065 267 3129 Ep.
286 3063 310 3118 5·
334 3061 347 3129 p
364 3065 398 3126 1,
418 3062 452 3125 3,
471 3071 498 3113 ct
519 3061 583 3112 aliis
605 3065 673 3114 bene
690 3061 786 3112 multis
803 3061 882 3116 loeis.

255 3153 266 3186 ³
306 3159 366 3215 Lib.
385 3155 439 3214 XV.
457 3161 506 3228 Ep.
523 3162 630 3230 9.§2.

254 3263 265 3298 ¹
305 3265 391 3330 Nepos
431 3281 455 3316 c.
492 3261 570 3316 VIII.
598 3261 667 3332 §Q
698 3265 746 3315 ubi
776 3283 861 3332 prava
888 3265 1026 3318 distinctio
1051 3275 1076 3318 et
1102 3269 1199 3336 pris-⁰

221 3383 263 3416 ros
284 3363 372 3434 hujus
398 3365 495 3431 capitis
523 3367 669 3416 sententias
689 3372 810 3416 contorte
828 3365 940 3418 exhibet
958 3375 984 3418 et
1002 3375 1095 3418 nostro
1117 3367 1179 3418 loro

221 3465 344 3517 alienum
381 3484 489 3518 sensum
520 3463 663 3517 conciliat·
698 3463 739 3516 sto
767 3465 840 3516 cuim
862 3467 963 3532 vulgus
984 3467 1124 3518 «Secutum
1143 3479 1182 3518 est

218 3567 297 3617 illud.
332 3569 420 3619 Occiso
449 3567 574 3632 Caesare,
601 3595 637 3607 -
665 3567 698 3616 ad
726 3587 767 3618 eoa
799 3571 965 3630 consentium
990 3571 1027 3619 sie
1044 3567 1083 3619 M.
1100 3567 1179 3618 Bruto

218 3685 275 3715 usus
304 3678 365 3729 ert,
394 3678 423 3742 ut
450 3667 518 3716 nullo
545 3667 591 3718 ille
620 3667 762 3717 adolescens
789 3696 822 3708 -
852 3669 878 3717 in
907 3671 1026 3720 convictu.
1069 3667 1178 3732 Excogi-

219 3777 296 3816 tatum
326 3777 364 3816 est
390 3787 403 3816 a
432 3766 592 3836 quibusdam‘’
618 3763 682 3818 roll.
716 3767 778 3832 Quis
807 3783 859 3816 non
893 3765 969 3830 videt
998 3767 1062 3818 iude
1086 3785 1179 3818 neces-

219 3865 295 3914 sario
316 3867 415 3932 sequi,
433 3875 465 3916 ut
483 3875 543 3932 post
566 3867 682 3918 occisum
711 3868 821 3917 dentum
841 3869 979 3919 Caesarem
1003 3869 1105 3919 Brutus
1124 3877 1180 3920 tam

222 3963 404 4016 familiariter
425 3967 514 4018 Attico
533 3984 597 4017 urus
616 3967 721 4018 luerit?
741 3957 922 4020 Contrarium
952 3977 1042 4019 tamon
1070 3969 1182 4019 aliunde

222 4067 364 4120 novimus.
400 4069 467 4127 llaec
492 4069 524 4117 ad
544 4077 666 4120 uortrnm
687 4069 789 4121 locunt.
827 4065 857 4119 ln
879 4071 912 4120 iis
940 4089 1021 4135 vtro,
1053 4073 1121 4137 quac
1141 4087 1182 4117 rc·
