3042 5146
836 594 880 656 68

374 775 422 840 ἐνὶ
449 779 612 853 στήθεσσιν
634 772 758 847 ἔπαθες
770 819 781 850 ,
809 772 981 858 Πατρίδος.
1011 815 1050 830 -
1074 773 1136 840 Sed
1157 776 1329 867 aliquande

374 907 479 959 temen
509 892 703 981 persuasisti,
736 905 771 956 ut
804 891 938 958 alterum
970 896 1213 984 complecterer,
1249 902 1327 990 quia

373 1016 414 1081 de
441 1038 492 1082 me
514 1027 579 1080 erat
600 1014 718 1104 optime
740 1014 891 1094 meritus;
916 1014 1048 1080 alterum
1061 1064 1072 1096 ,
1097 1018 1171 1106 quin
1202 1033 1328 1086 tuntum

374 1137 507 1206 valebat.
555 1137 629 1202 Feci
649 1134 757 1224 igitur.
803 1135 915 1223 Itaque
937 1136 1025 1202 effeci
1048 1138 1134 1226 omni
1157 1139 1328 1230 obsequio,

374 1256 660 1324 utneutriillorum
674 1253 838 1344 quisquam
857 1257 1114 1325 essetmecarior.
1134 1257 1220 1324 Haec
1239 1260 1329 1324 euim

374 1381 606 1468 cogitabamus:
642 1399 701 1443 nec
729 1375 835 1456 mihi,
863 1378 1030 1463 conjuncto
1052 1399 1124 1443 cum
1153 1377 1304 1468 Pompejo
1315 1428 1329 1458 ,

375 1501 442 1565 fore
471 1520 595 1564 necesse
624 1519 755 1586 peccare
780 1497 812 1560 iu
845 1495 1009 1584 republica
1037 1496 1229 1586 aliquando,
1267 1521 1330 1564 nec

375 1645 448 1688 cum
468 1619 596 1686 Caesare
607 1619 752 1686 sentienti
773 1619 975 1709 pugnandum
992 1643 1054 1686 esse
1066 1643 1138 1686 oum
1149 1620 1326 1711 Pompejo:

376 1755 460 1808 tanta
483 1753 548 1806 erat
575 1739 700 1807 illorum
723 1741 915 1828 conjunctio.
961 1741 1054 1808 Nunc
1082 1742 1262 1832 impendet,
1290 1758 1328 1810 ut

374 1877 406 1930 et
430 1878 462 1930 tu
486 1863 620 1930 ostendis
642 1876 674 1928 et
696 1884 753 1952 ego
771 1854 885 1943 rideo,
909 1887 1030 1929 summa
1053 1864 1134 1930 inter
1164 1888 1215 1932 eos
1249 1888 1329 1930 con-

374 1988 485 2054 tentio.
534 1987 584 2051 Me
611 1998 715 2050 autern
727 1997 858 2073 uterque
876 1997 1019 2050 numerat
1036 2007 1150 2065 suum,
1172 1986 1328 2054 nisiforte

375 2107 500 2177 simulat
521 2105 598 2170 alter
610 2127 632 2168 »
648 2105 677 2172 ¹.
736 2103 858 2168 Atticus
874 2103 993 2192 igitur,
1030 2129 1046 2169 a
1067 2104 1219 2170 Cicerone
1239 2117 1272 2170 ut
1285 2105 1325 2172 de

375 2229 471 2318 ipsius
492 2239 574 2291 statu
599 2224 752 2313 cogitaret
766 2223 962 2304 admonitus,
988 2226 1173 2314 Pompejum
1193 2225 1327 2316 Neapoli

376 2362 549 2416 cersautem
569 2347 646 2413 adiit
668 2369 740 2414 oum
768 2370 868 2438 eoque
889 2346 1061 2414 collocutus
1092 2361 1136 2414 est
1166 2349 1205 2414 de
1232 2371 1326 2437 repu-

376 2469 491 2550 blica,
532 2468 573 2534 de
615 2468 783 2557 opinione,
825 2489 920 2557 quam
953 2467 1085 2536 haberet
1117 2470 1158 2535 de
1191 2471 1325 2560 integri-

376 2604 440 2656 tate
472 2586 653 2668 Ciceronis,
677 2609 740 2677 quo
752 2587 935 2678 indagaret,
960 2611 1021 2678 qua
1032 2603 1110 2656 esset
1122 2590 1175 2656 ille
1196 2591 1228 2655 in
1240 2587 1326 2656 hunc
1392 2679 1397 2684 Ι

374 2711 615 2791 benevolentia,
640 2711 767 2776 omnino
784 2711 851 2798 ejus
871 2709 1011 2777 animum
1034 2735 1106 2803 erga
1141 2711 1326 2784 Ciceronem

376 2833 566 2925 perspiceret
581 2838 612 2901 ².
665 2832 755 2896 Licet
786 2840 890 2898 antem
923 2834 1105 2923 ceteroquin
1137 2835 1326 2924 Pomponius

253 2947 260 2958 ⁸
376 2953 554 3019 domesticis
586 2975 618 3016 se
647 2953 762 3017 finibus
784 2955 927 3016 tencret²
964 2975 1065 3043 neque
1097 2952 1129 3018 in
1162 2952 1326 3044 publicum

375 3074 517 3165 prodiret
530 3078 542 3116 ³
558 3123 567 3153 ,
591 3085 720 3163 propter
734 3072 980 3140 familiaritatem
992 3089 1097 3140 tamen
1110 3125 1120 3155 ,
1145 3099 1239 3164 quam
1253 3097 1325 3140 cum

375 3196 520 3288 pluribus
541 3195 699 3261 nobilibus
718 3194 792 3259 viris
818 3207 1032 3275 contruserat,
1069 3197 1101 3261 in
1128 3195 1326 3275 multorum,

376 3343 456 3412 quae
477 3321 700 3398 struebantur,
725 3317 870 3384 notitiam
901 3317 1065 3405 pervenit,
1102 3340 1165 3417 quo
1199 3317 1327 3382 nomine

375 3443 493 3532 optime
515 3462 641 3530 quoque
661 3439 700 3504 de
721 3437 871 3505 Cicerone
889 3437 1086 3507 estmeritus.
1132 3436 1221 3504 Nihil
1242 3435 1324 3502 euim

376 3565 541 3654 gerebatur
563 3575 627 3660 taem
650 3585 667 3626 a
689 3559 820 3626 Caesare
838 3581 932 3649 quam
958 3558 1136 3647 aPompejo
1148 3608 1157 3639 ,
1183 3558 1258 3648 quin
1270 3579 1326 3644 per

415 3771 424 3804 ¹
463 3775 845 3844 nra.v11.np·r·§a‚s.

379 3861 801 3947 ‘aurern-spale-

414 3971 424 4004 ³
464 3979 652 4047 trp1a.§6·
851 4027 854 4036 .

392 4075 424 4111 ‘⁴
464 4075 690 4144 nsvin-up
717 4077 833 4144 repr.
