3042 5140
780 634 845 696 146

333 817 451 882 neutris
466 815 605 906 partibus
618 812 806 903 Pomponius
816 813 901 878 stetit
912 817 920 855 ¹
932 864 939 879 .
961 813 1065 891 llius,
1078 816 1292 900 tyrannicidio

336 941 455 1021 fuct0²,
472 940 570 1004 Bruto
581 959 768 1028 magnopere
780 938 857 1002 favit
868 936 1070 1001 etauriliatus
1080 949 1126 1001 est
1139 959 1146 1014 ;
1161 959 1288 1025 operam

332 1075 435 1126 tamen
454 1061 643 1128 factionibus
662 1058 780 1125 alendis
804 1071 959 1148 praestare
982 1080 1046 1122 nou
1069 1071 1198 1124 conatus
1220 1073 1287 1140 est,

330 1183 394 1246 imo
427 1183 590 1259 coercuit,
616 1192 650 1246 ut
685 1178 847 1260 norimus,
871 1179 956 1269 quod
988 1178 1114 1244 tendere
1137 1201 1174 1244 eo
1196 1179 1285 1245 vide-

329 1304 420 1367 batur
442 1305 558 1391 sudquc
581 1301 831 1389 tergiversatione
862 1303 1031 1366 Brutorum
1055 1323 1165 1367 causac
1198 1301 1284 1367 haud.

265 1445 268 1452 ·
329 1423 425 1488 dubie
439 1423 548 1488 nocuit
564 1425 591 1489 ³.
639 1421 722 1487 lliuc
744 1421 881 1510 denique
903 1421 1034 1487 Antonii
1055 1443 1119 1486 uon
1145 1430 1280 1487 'sectator

326 1565 429 1632 neque
448 1541 542 1607 etiam
556 1541 697 1606 adulator
714 1541 796 1619 fuit,
822 1541 941 1632 quippe
961 1543 1049 1628 cujus
1070 1540 1199 1606 consilia
1226 1563 1284 1628 pa·

325 1666 402 1730 riter
423 1677 516 1754 atque
535 1663 672 1730 Caesaris
701 1665 733 1728 id
765 1663 865 1728 solum
885 1673 1026 1750 spectare
1049 1661 1285 1728 animadverte-

326 1799 397 1865 ret,
421 1799 457 1852 ut
480 1809 558 1852 unus
580 1787 612 1850 in
646 1784 807 1873 republica
838 1794 1024 1872 praepotens
1054 1783 1198 1848 domiuus
1230 1809 1282 1851 cr-

325 1907 456 1974 sisteret.
505 1908 555 1972 Ab
578 1906 685 1970 insano
708 1904 804 1993 igitur
824 1904 965 1992 partium
995 1904 1098 1969 studio
1131 1906 1279 1972 remotis·

327 2029 444 2105 simus,
466 2026 605 2091 fovendis
623 2025 812 2091 factionibus
834 2047 865 2090 se
887 2046 1046 2113 nunquam
1070 2009 1178 2105 dedit,
1205 2048 1282 2115 qua·

323 2171 394 2213 rum
410 2147 528 2212 scilicet
549 2148 687 2235 vigorem
708 2147 828 2235 lapsum
848 2145 982 2211 civitatis
1003 2167 1039 2209 eo
1061 2145 1155 2211 citius
1166 2166 1278 2232 parare

324 2269 545 2334 arbitrabatur.
559 2268 635 2331 llam
650 2266 801 2355 optimam
813 2263 1041 2354 rempublicam
1054 2288 1119 2332 esse
1131 2266 1278 2346 dicebat,

322 2411 415 2478 quam
439 2387 549 2454 Cicero
570 2386 685 2454 Consul
704 2387 934 2466 constituisset,
959 2408 1039 2476 quae
1061 2401 1138 2452 esset
1158 2389 1192 2456 iu
1214 2409 1273 2476 po·

360 2600 370 2634 ¹
411 2607 474 2658 Lib.
494 2606 567 2659 xlv.
587 2607 620 2656 cd
635 2604 691 2657 Ac.
707 2605 757 2670 Ep.
775 2596 898 2664 2252.
933 2597 1070 2666 Principio
1089 2597 1203 2664 quidem
1222 2597 1282 2647 dis-

320 2708 449 2760 sensionis
466 2705 595 2777 Pompejo
612 2707 721 2758 videtur
740 2704 839 2756 favisse
857 2719 920 2753 cum
932 2700 1057 2752 Cicerone
1070 2700 1189 2766 aliisque
1199 2702 1280 2766 prin-

317 2810 424 2876 cipibus
442 2809 530 2874 viris;
550 2817 615 2858 tunc
633 2807 707 2857 enim
724 2823 775 2872 pro
793 2801 922 2872 Pompejo
941 2809 1014 2851 stare
1032 2808 1058 2850 et
1070 2817 1121 2867 pro
1134 2797 1279 2866 republica

318 2906 392 2957 idem
423 2922 477 2956 esse
494 2907 644 2972 putabatur
662 2901 752 2972 (velt.
768 2905 825 2954 Par.
844 2904 880 2954 H.
897 2903 934 2956 R.
949 2901 1012 2952 bib.
1028 2899 1068 2952 ll.
1085 2917 1111 2952 c.
1129 2899 1174 2966 48.
1195 2899 1211 2964 d
1230 2895 1281 2965 i),

317 3006 363 3057 sed
389 3016 421 3057 ut
447 3003 530 3055 illum
562 3021 671 3056 causam
700 3001 870 3070 reipublicae
901 3001 1026 3053 deserere
1043 3000 1164 3067 turpiter
1183 2999 1279 3054 vidit,

315 3104 478 3155 sententiam
498 3107 604 3155 Atticus
623 3105 754 3158 mutavit.

351 3214 364 3244 2
403 3206 509 3258 Putavit
538 3205 747 3272 Middletonus,
765 3207 843 3258 Tom.
864 3202 924 3257 111.
941 3223 970 3271 p.
989 3203 1004 3271 4
1023 3221 1106 3270 sqq·‚
1125 3211 1182 3254 tam
1202 3204 1278 3255 Cice·

313 3321 407 3360 roncm
437 3323 521 3372 quam
551 3305 673 3356 Atticum
701 3305 749 3356 diu
780 3306 931 3369 cogitasse,
950 3321 1005 3370 qua
1024 3304 1139 3354 ratione
1156 3301 1275 3356 Brutum

310 3411 461 3460 excitarent
479 3409 513 3456 ad
531 3406 637 3473 patriae
655 3408 813 3458 libertatern
831 3424 894 3457 neec
915 3403 1041 3459 Caesaris
1051 3405 1248 3456 restituendam
1260 3443 1274 3470 ‚

312 3513 386 3577 quod
415 3526 476 3559 sane
497 3509 556 3559 fieri
575 3483 673 3574 potuit.
708 3509 779 3559 Num
797 3525 862 3559 vcro
880 3505 1004 3571 Brutus,
1023 3525 1078 3574 quo
1096 3513 1221 3573 tempore
1240 3525 1274 3556 rc

309 3627 374 3660 vcra
391 3607 500 3658 caedem
519 3609 710 3674 perpetravit,
729 3607 878 3658 consilium
899 3625 977 3660 suum
996 3625 1064 3658 cum
1085 3609 1175 3659 Attico
1195 3608 1275 3673 prius

309 3709 572 3772 communicaverit,
600 3708 725 3760 dubitari
754 3709 846 3762 debet.
882 3708 976 3763 Cicero
1005 3718 1080 3761 certe
1108 3727 1170 3760 rem
1189 3710 1273 3777 plaue

310 3807 419 3860 videtur
436 3809 584 3872 ignorasse.
620 3807 660 3861 Cf.
678 3810 843 3874 Graeterus,
864 3813 949 3863 Tom.
966 3808 1037 3864 Vll.
1054 3829 1083 3877 p·
1102 3813 1115 3866 7
1136 3824 1200 3878 sq„
1221 3829 1270 3861 cu*

306 3908 352 3979 jus
382 3911 501 3960 rationes
528 3909 689 3961 Middletoni
707 3911 869 3970 sententiam
888 3911 957 3962 satis
986 3907 1183 3960 labefactant..
1226 3905 1271 3961 Cl.

309 4008 467 4061 Tunsrattus
485 4029 517 4078 p.
534 4011 569 4064 20
588 4027 653 4078 sqq.

344 4131 356 4165 a
393 4109 617 4182 Cf.1·¹reinslrsm.
638 4112 672 4161 ed
690 4111 752 4168 Liv-
768 4113 828 4166 Lib.
847 4111 936 4164 CXVl.
957 4130 981 4162 c.
1001 4109 1060 4162 115.
