2970 5144
207 783 287 848 tiens
318 782 350 845 in
382 777 538 868 Epirum,
569 775 625 842 ubi
647 774 797 865 plurimes
830 773 966 840 habebnt
997 770 1162 862 possessio·

206 923 281 980 nes,
311 921 375 964 sese
388 899 561 980 convertit,
598 911 632 964 nt
661 912 694 964 et
713 895 823 964 studiis
844 897 1033 986 satisfaceret
1048 893 1110 959 suis
1129 905 1160 957 et

205 1043 339 1110 mogon,
372 1021 487 1110 quibus
526 1020 783 1110 impediebatur,
816 1021 941 1110 negotia
978 1019 1157 1085 eoniieeret.

206 1143 246 1210 Et
267 1143 406 1232 primum
432 1141 561 1231 quidem
579 1141 611 1206 in
631 1141 774 1229 ⁶ricinnm
806 1139 1046 1218 Macedoniam,
1074 1138 1162 1224 eujus

204 1263 373 1329 Proconsul
393 1262 438 1332 tt.
463 1264 619 1329 Antonius
642 1263 748 1329 Attico
771 1263 804 1328 in
827 1262 938 1351 primis
968 1271 1035 1328 emt
1067 1258 1162 1324 femi·

137 1391 142 1400 '
202 1385 337 1464 tiaris¹‚
379 1384 460 1449 melai
501 1383 697 1473 quorundam
727 1382 967 1474 provincialium
998 1381 1061 1446 iide
1085 1401 1161 1469 pro·
1267 1443 1274 1451 ,

204 1507 302 1571 fieisei
333 1507 514 1595 eogeb'ntur.
576 1508 679 1591 Quum
713 1507 798 1572 enim
832 1508 1028 1596 pecuniam,
1064 1525 1158 1594 quem

204 1642 314 1694 mutuo
344 1629 381 1700 iis
423 1629 571 1707 dederat,
605 1629 747 1720 accipere
776 1641 891 1696 statuto
921 1641 1062 1717 tempore
1096 1646 1159 1690 non

202 1759 328 1834 posset,
348 1747 478 1813 Antonii
500 1749 707 1829 auctoritate,
734 1752 814 1816 sicut
834 1763 903 1840 post
916 1749 1061 1830 Octavii,
1078 1751 1160 1838 ejus·

200 1867 274 1932 dem
293 1869 473 1957 provinciae
493 1870 724 1960 Proprnetoris,
747 1883 781 1936 ut
794 1871 853 1936 sibi
872 1892 908 1936 en
923 1873 1158 1948 restitueretur,

206 1991 376 2078 impetrare
413 1989 590 2068 studuit²,
631 2013 821 2081 quemquam
859 1990 939 2057 hnee
974 2013 1064 2057 conse
1099 2014 1167 2056 non

201 2119 321 2174 tantem
341 2109 370 2173 ei
396 2108 518 2198 peperit
540 2108 738 2189 molestiam,
764 2123 913 2199 quantem
935 2110 1045 2176 eodem
1080 2121 1161 2175 tem·

201 2249 279 2313 pore
312 2250 329 2292 e
368 2226 542 2316 Sicyoniis,
567 2227 702 2294 civitatis
721 2229 882 2318 eujusdam
904 2229 937 2295 in
960 2228 1079 2318 Aehajn
1111 2231 1160 2294 in·

201 2349 298 2431 eolis,
322 2371 427 2440 pessus
447 2363 504 2418 est.
553 2350 634 2416 Nem
664 2349 699 2414 hi
728 2373 854 2441 quoqne
886 2351 1025 2418 debitum
1052 2352 1159 2418 Attico

200 2474 368 2562 pecuniam
384 2474 501 2539 solvere
513 2473 730 2539 detrectabant
745 2523 753 2552 ,
778 2474 851 2538 freti
863 2473 1158 2552 Senntoseonsuito,

200 2593 252 2659 eui
265 2643 275 2673 ,
293 2593 368 2660 licet
386 2593 454 2659 eliis
477 2593 517 2659 de
539 2592 631 2660 rebus
654 2595 760 2675 sacto,
784 2591 845 2660 hoe
865 2596 967 2661 fuerat
989 2619 1006 2660 e
1026 2595 1070 2664 Μ.
1096 2593 1155 2660 On·
1185 2661 1189 2670 ,

200 2727 274 2780 tone
293 2728 324 2781 et
346 2716 382 2783 P.
405 2713 636 2782 Serviliosine
667 2737 758 2780 ennsn
791 2715 958 2795 additum,
993 2725 1029 2780 ut
1058 2714 1161 2780 liberi

195 2835 319 2924 populi
359 2836 488 2900 solvere
520 2858 561 2900 ne
606 2843 807 2925 cogerentur
821 2839 851 2904 ³.
918 2835 1019 2923 liujus
1052 2847 1157 2900 nutem

201 3087 317 3151 misene,
337 3103 400 3137 cum
419 3085 482 3137 eliis
500 3085 714 3149 interciderint,
734 3095 766 3136 nt
784 3086 890 3136 dudum
918 3090 1087 3136 monuerunt
1111 3085 1156 3136 in·

202 3191 347 3252 terpretes.
686 3175 688 3183 ¹

241 3279 251 3312 ¹
290 3289 377 3356 Nepos
395 3309 420 3340 e.
439 3289 567 3357 ΗΜ.

235 3385 247 3420 2
287 3389 341 3440 cie.
359 3387 393 3438 ad
412 3387 467 3441 Aer.
485 3387 545 3439 Lib.
565 3387 604 3438 ii.
623 3388 672 3455 Ep.
692 3393 716 3439 l.
735 3387 749 3457 §
769 3387 811 3439 12.
831 3385 943 3437 Exstant
957 3391 1039 3438 etiem
1058 3387 1157 3442 literne

197 3487 438 3539 commendatitiae
482 3487 644 3551 Ciceronis,
684 3503 753 3556 ques
789 3487 896 3538 Atticus
933 3488 1071 3554 Antonio,
1100 3509 1155 3558 quo

198 3589 283 3652 megin
300 3605 360 3638 enm
378 3596 635 3654 eounnmurgeret,
661 3589 801 3642 redderet.
820 3589 881 3642 vid.
911 3591 944 3640 ad
965 3591 1023 3643 no.
1043 3593 1102 3646 Lib.
1121 3592 1157 3647 V.
1261 3615 1273 3634 κ

199 3687 250 3753 Ep.
269 3685 296 3738 5.

235 3783 247 3816 ⁸
286 3790 729 3863 atAn.t.ib.1.Ep113.§1;
752 3793 1157 3867 Ep.ttt.§9;1.it›.11.ttp.

201 3895 226 3945 1.
244 3892 258 3960 §
277 3898 321 3948 10.
342 3897 412 3947 tinne
434 3895 578 3964 pecuniam
598 3897 747 3964 quomines
777 3897 813 3948 ab
833 3894 922 3950 Attico
935 3899 1068 3949 tetricano
1090 3918 1155 3951 era·

198 4003 272 4047 ctam
291 3995 374 4059 tuipse
395 4007 573 4064 statuemus,
600 3997 751 4068 prohibent
770 4000 831 4051 lone
865 4000 1022 4067 Ciceronis,
1051 4001 1100 4052 ubi
1125 4001 1154 4051 in

202 4093 351 4162 rptnotis,
373 4095 429 4149 hoe
452 4106 575 4165 ternpore
591 4071 728 4171 ¹scriptis.
757 4101 791 4150 de
806 4085 963 4155 Publicenie
984 4099 1042 4166 egit
1053 4137 1063 4167 ‚
1073 4103 1154 4153 'unde
