3042 5146
842 548 908 622 140'

397 734 476 802 bibit
505 737 596 824 piane
621 736 658 802 ad
681 757 753 800 eum
774 721 1001 803 restituendum
1024 739 1168 806 conferre
1190 753 1285 830 atque
1304 734 1347 808 efss·

392 860 486 924 ficere
517 881 627 947 posse,
662 857 714 924 sed
747 859 843 923 animi
871 880 1042 938 maerorem
1065 871 1187 924 tantum
1209 884 1345 949 augeret

392 991 518 1060 contro,
543 981 568 1045 si
593 981 710 1046 Romae
732 992 896 1059 maneret,
919 994 981 1044 tarn
1003 980 1139 1045 consiliis
1161 982 1191 1045 ei
1203 983 1346 1071 prodesse

391 1125 485 1194 quarn
516 1103 569 1168 sni
590 1101 673 1190 apud
695 1122 839 1189 proceres
861 1101 1014 1166 Romanos
1036 1103 1222 1168 auctoritate
1244 1104 1344 1192 pluri*

391 1245 477 1288 muru
506 1222 545 1288 ad
564 1221 773 1286 revocandum
794 1221 978 1288 Ciceronem
998 1225 1164 1310 proficere.
1211 1224 1260 1288 ue
1279 1224 1345 1288 lau·

390 1343 461 1407 data
497 1363 570 1407 roro
597 1340 726 1431 epistola
750 1342 829 1409 baec
848 1343 1044 1430 potissimum
1071 1343 1345 1410 animadvertenda

391 1474 474 1530 suut.
521 1462 653 1551 Scripsit
675 1460 760 1527 illam
786 1461 895 1529 Cicero
917 1464 1015 1528 animi
1037 1465 1172 1530 maxime
1184 1466 1346 1553 pendens,

391 1583 575 1648 calamitatis
595 1605 666 1650 suae
678 1583 817 1673 pondero
828 1581 1029 1650 vehementer
1041 1597 1237 1667 commotus,
1264 1587 1346 1675 quod

391 1704 489 1784 facit,
531 1719 567 1770 ut
600 1706 695 1771 rerba
727 1708 793 1794 ejus
822 1727 930 1794 urgere
952 1728 1012 1770 non
1044 1705 1136 1772 nimis
1164 1707 1345 1784 debeamus

389 1828 572 1906 Praeterea,
597 1801 681 1915 quod
704 1849 813 1914 parum
837 1826 969 1892 candide
991 1825 1165 1915 neglectum
1191 1839 1236 1892 est
1260 1849 1347 1892 ore⁶

391 1946 605 2024 beatioribus,
636 1945 769 2033 injuriae
790 1967 861 2012 suae
884 1967 1006 2010 memor
1025 1995 1036 2024 ,
1056 1958 1154 2010 semet
1187 1945 1254 2034 ipse
1273 1967 1346 2011 con·

392 2069 480 2132 tinuo
492 2079 615 2132 revocat
637 2066 857 2155 dictorumque
878 2067 987 2134 iisdem
1000 2067 1097 2132 literis
1115 2067 1239 2132 reniam
1251 2067 1344 2156 petito

392 2189 487 2254 «Hic
515 2187 603 2261 mihi,
617 2188 765 2275 ignosces.
814 2189 864 2254 Me
898 2187 982 2252 enirn
1007 2189 1109 2278 ipsum
1142 2189 1245 2256 multo
1278 2211 1344 2254 rna·

392 2309 437 2397 gis
478 2329 613 2389 accusor
650 2307 765 2373 deindo
810 2320 865 2384 to,
902 2308 991 2397 quasi
1021 2331 1073 2372 me
1108 2309 1264 2376 alterurn:
1313 2320 1344 2372 et

390 2429 483 2496 simul
512 2452 599 2510 meae
628 2430 738 2519 culpae
763 2429 881 2496 socium
905 2450 1042 2518 quaero.
1071 2451 1106 2494 ac
1127 2429 1153 2494 si
1172 2429 1340 2507 restituor5

390 2551 484 2618 etiarn
510 2553 612 2618 minus
633 2552 812 2618 videbimur
833 2550 1021 2640 deliquisse:
1049 2552 1103 2616 obs
1123 2563 1217 2640 teque
1235 2541 1339 2630 certe,

388 2673 537 2763 quoniam
571 2673 659 2752 nullo
676 2685 817 2753 nostro,
854 2684 908 2738 tuo
936 2671 1032 2760 ipsius
1054 2672 1207 2738 beneficio
1230 2672 1341 2762 diliges

388 2816 492 2858 mur»
509 2796 538 2862 ¹.
594 2794 708 2858 Fuitne
735 2794 830 2880 igitur
862 2794 939 2858 adeo
972 2793 1032 2860 sibi
1055 2795 1231 2860 inconstans
1251 2793 1341 2861 Cice·

388 2925 445 2990 ro,
479 2925 513 2976 ut
542 2911 651 2976 eidem
675 2914 805 3001 epistolia
823 2913 917 3002 plano
949 2913 1139 2979 contrarium
1163 2915 1339 2982 scriberet?

388 3033 486 3113 roim
521 3031 597 3114 se'd,
631 3033 715 3122 ¹quod
747 3033 936 3123 significavi,
968 3035 1117 3122 temporis
1136 3036 1342 3124 fortunaeque¹

387 3155 468 3221 ratio
495 3153 639 3221 habenda
665 3168 721 3224 est.
771 3149 930 3236 Attentie,
964 3170 1099 3246 quaeso,
1136 3158 1247 3248 optimi
1281 3160 1339 3224 riri

388 3275 512 3355 fatum,
534 3277 659 3364 patrib,
682 3299 775 3366 quarn
800 3279 839 3344 ab
859 3278 989 3345 interitu
1010 3294 1204 3361 servaverat,
1227 3283 1340 3371 ejecti,

388 3398 470 3474 suis,
517 3395 611 3462 domo
642 3397 795 3486 bonisque
833 3401 970 3488 privati,
1012 3401 1044 3463 in
1079 3403 1215 3467 maximo
1259 3404 1339 3469 ritae

388 3501 534 3579 versantis
564 3513 768 3596 discrimine,
795 3519 917 3585 consilii
952 3542 1079 3609 prorsus
1112 3524 1252 3612 egentis,
1287 3526 1340 3615 qui

388 3647 451 3724 quo
481 3647 548 3700 tuto
568 3659 631 3708 sese
653 3650 804 3720 verteret,
829 3639 905 3730 quid
928 3656 1054 3732 ageret,
1078 3645 1143 3709 fere
1164 3645 1338 3734 ignoraret:

388 3758 533 3838 attende,
559 3751 686 3848 inquam
704 3811 713 3841 ,
741 3770 838 3828 tantas
852 3760 1012 3830 Ciceronis
1034 3766 1172 3832 miserias
1186 3816 1195 3846 ,
1207 3778 1239 3831 et
1251 3767 1341 3832 istarn

428 3997 439 4030 ³
482 4008 532 4072 cp.
549 4007 625 4061 rana.
645 4011 657 4078 ς
677 4011 705 4076 4.
722 3977 761 4062 er.
780 4014 793 4082 5
814 4017 840 4065 s.
