3042 5140
792 633 857 696 200

350 815 434 901 init]
462 811 646 881 Ostenderat
670 811 718 876 his
749 811 849 877 verbis
874 810 1013 891 Atticus,
1049 812 1170 899 saepius
1200 835 1232 878 se
1260 811 1299 876 ad

348 932 508 998 meliorem
533 931 696 997 fovendam
717 954 803 1022 spem
821 931 910 1021 erigi.
943 930 1017 999 Fid.
1039 929 1141 1001 OreII.
1165 927 1254 1001 ad'h.
1277 934 1299 1000 I.

394 1057 481 1124 XIX.
511 1056 585 1124 Uno
604 1059 640 1120 a'n
659 1078 694 1120 eo
713 1055 834 1142 judico
855 1075 943 1144 spem
965 1051 1006 1117 de
1033 1054 1143 1118 salute
1167 1057 1299 1142 'reapo-

347 1178 463 1245 blr'oae.
514 1175 602 1262 [Lib.
626 1175 717 1243 VIII.
741 1174 802 1261 up.
827 1177 860 1242 2.
892 1173 981 1259 §4.]
1019 1173 1068 1238 Ita
1088 1185 1154 1238 tum
1175 1173 1299 1239 Atticus

346 1295 386 1362 de
404 1299 554 1384 Pompejo
576 1295 732 1361 censebat.

391 1415 463 1482 XX.
489 1414 570 1482 Jooi
590 1417 662 1502 ajout
692 1416 854 1502 z'm'quum.
907 1413 993 1500 [Lib.
1026 1412 1116 1479 VIII.
1147 1411 1206 1500 Ep.
1226 1391 1295 1478 ¹15.

347 1545 365 1624 §
389 1539 436 1622 2.)
461 1538 539 1603 Data
569 1536 667 1602 Attici
696 1525 833 1624 Epistola
855 1536 916 1600 fuit
936 1534 1018 1622 prid.
1043 1532 1113 1602 Kal.
1130 1533 1225 1600 Febr.
1256 1536 1297 1600 A.

346 1657 388 1725 U.
414 1655 450 1726 C.
477 1661 542 1723 705
566 1656 619 1743 (Α.
644 1654 680 1723 G.
703 1658 773 1741 49).
798 1655 908 1720 Verbis
933 1667 1038 1719 autem
1068 1652 1129 1718 illis
1158 1651 1296 1717 iudicare

345 1778 466 1857 voluit,
491 1777 700 1865 Pompejum,
725 1779 750 1844 si
773 1778 913 1856 vicisset,
936 1776 1104 1856 omuibus,
1129 1776 1183 1862 qui
1195 1787 1297 1864 partes

343 1923 411 1968 suas
432 1900 660 1980 deseruissent,
683 1898 883 1964 iratissimum
914 1899 993 1968 iore.
1040 1896 1094 1964 Sie
1116 1897 1221 1962 Ioeum
1244 1919 1334 1980 er·,
1429 1911 1430 1914 ’

340 2021 437 2110 plicat
459 2019 654 2089 Schuetzius.

388 2141 477 2210 XXI.
503 2139 566 2207 Sol
583 2141 749 2206 excidisse
760 2141 845 2204 mita·
866 2162 883 2203 e
901 2138 1174 2206 mundom'detur.
1207 2139 1295 2225 [Lib.

343 2263 450 2330 lte-u
476 2312 484 2328 .
510 2266 564 2328 10.
629 2263 661 2326 3.

391 2286 494 2448 XXII.
522 2259 771 2447 &desudamus
781 2391 812 2447 et
826 2379 955 2449 Gnaeus
967 2381 1052 2468 quid
1059 2389 1144 2470 agat
1155 2389 1186 2444 et
1197 2381 1296 2445 illios

343 2505 494 2568 rationes
515 2522 672 2586 quorsum
688 2503 816 2590 fluant.
870 2501 965 2588 Quod
992 2506 1025 2566 sr'
1057 2506 1122 2566 iste
1151 2502 1294 2567 Italiam

338 2605 506 2712 'relinquet
518 2673 528 2702 ,
544 2625 657 2712 faciet
669 2629 798 2688 omnino
809 2625 895 2688 male
909 2633 963 2702 et,
987 2634 1024 2687 ut
1044 2646 1104 2714 ego
1116 2629 1293 2704 existimo,

249 2771 252 2779 ¹
339 2745 527 2824 ἀλογίστωςε
552 2747 615 2810 sed
632 2755 700 2810 tum
716 2731 850 2810 ¹demum
879 2749 1024 2812 coasilia
1050 2757 1170 2813 nostro
1202 2771 1293 2812 eom-

339 2863 499 2930 mutanda
526 2872 635 2930 emrnt.
687 2862 721 2949 [I.
737 2863 758 2933 I.
778 2870 795 2953 §
814 2866 860 2952 4.]
911 2866 1010 2931 Attici
1029 2867 1155 2948 literae,
1180 2869 1294 2957 quibus

338 2981 392 3045 iIIa
412 2982 505 3045 rerba
526 2982 768 3047 continebantur
783 3032 792 3064 ‚
810 2985 943 3074 scriptae
963 2988 1090 3054 fuerunt
1109 2989 1142 3056 d.
1162 2990 1202 3057 X.
1221 2990 1292 3062 Kal.

337 3104 432 3172 Febr.
456 3105 494 3170 A.
516 3103 559 3173 U.
584 3103 620 3172 G.
647 3106 717 3171 '705
735 3106 787 3193 (A.
812 3106 847 3174 Ο.
875 3109 945 3194 49).
982 3108 1062 3176 Cum
1083 3107 1130 3174 his
1152 3122 1183 3174 et
1204 3131 1292 3200 seqq.

336 3228 387 3295 off.
409 3249 490 3316 quae
512 3227 785 3294 animadvertimus
809 3251 844 3316 p.
866 3231 910 3294 69
932 3253 980 3317 sq.

381 3348 502 3415 XXIII.
530 3349 767 3414 Tantummodo
807 3349 938 3416 Gnaeus
958 3357 1073 3413 moster
1092 3372 1153 3434 ne,
1178 3358 1216 3413 ut
1232 3370 1291 3412 ur-

334 3475 401 3536 bem
424 3473 593 3551 dItoyr'orrm
615 3471 777 3558 reliquit,
808 3477 859 3537 sio
880 3473 1231 3560 Italiam'rolinqoot.

380 3589 497 3656 XXIV.
525 3587 596 3653 Sed
615 3594 708 3653 oorzz'o
729 3591 778 3656 ad
795 3594 1070 3656 consultationem
1089 3601 1193 3660 tuom.
1250 3589 1292 3657 Si

340 3705 470 3776 Gnaeus
493 3709 604 3774 Italia
627 3709 737 3789 cedit.
763 3716 800 3776 im
823 3715 934 3777 orbem
960 3714 1161 3780 redeundum
1183 3722 1268 3802 preto
1281 3735 1290 3774 .·

333 3852 419 3916 quae
438 3831 621 3914 enimfim's
638 3832 964 3924 peregrinationis?
993 3833 1030 3920 [I.
1052 3835 1089 3921 I.]
1116 3834 1289 3923 Utramque

337 3950 510 4038 Epistulam
530 3954 617 4020 dedit
636 3955 758 4022 Atticus
779 3956 812 4024 d.
837 3955 925 4023 VIII.
945 3955 1015 4025 KaI.
1034 3954 1127 4022 Febr.
1150 3953 1287 4043 ejusdem

331 4073 416 4142 anni.
