3042 5146
696 593 759 664 113

244 769 304 844 tite
337 795 520 866 cognoscere
553 762 736 844 Ciceronem
769 801 833 843 non
863 780 990 867 poteris.
1040 769 1198 865 Quocirca

246 898 363 964 mirum
384 897 482 962 videri
499 900 627 964 omnino
643 899 737 966 debet
748 943 758 979 ,
783 900 816 964 id
836 917 893 966 nec
912 924 930 965 a
950 900 1119 968 Plutarcho
1140 903 1202 968 ob*

245 1020 501 1086 servatumlnisse
522 1043 624 1110 neque
646 1021 717 1086 satis
738 1021 1019 1110 etiamaplurimis
1044 1021 1198 1088 iuterrea

246 1144 400 1209 beatiores
413 1193 423 1223 ,
435 1144 510 1232 qui,
524 1143 556 1208 in
570 1140 727 1210 Ciceronis
744 1144 888 1210 laudibus
909 1144 1102 1248 celebrandis
1113 1144 1200 1211 hand

245 1265 353 1352 parci,
377 1265 416 1328 ad
435 1265 557 1330 coelum
571 1265 680 1330 tollere
702 1265 835 1331 subinde
851 1268 924 1354 ejus
943 1265 977 1330 in
998 1265 1202 1355 exsequendis

245 1387 337 1450 rebus
369 1384 569 1473 prudentiam
610 1386 741 1465 solent,.
777 1386 884 1452 Altino
916 1408 1010 1464 nero,
1048 1388 1100 1454 aul
1134 1387 1200 1476 ipse
1231 1428 1237 1434 -

246 1518 369 1572 tantum
387 1507 521 1586 tribuit,
546 1507 611 1572 l'ero
635 1507 717 1573 nihil
738 1507 888 1576 tribuere.

293 1628 400 1694 Talem
423 1628 456 1693 in
478 1628 660 1718 quotidiana
689 1651 815 1718 quoque
848 1629 1074 1718 consuetudine
1103 1630 1198 1710 Rome

247 1750 359 1838 ponius
377 1771 440 1814 sese
458 1750 633 1838 praestitit,
664 1762 697 1815 nt
728 1747 809 1813 nibil
841 1771 979 1838 unquam
1009 1762 1127 1815 temere
1160 1751 1201 1816 ab

248 1893 286 1936 eu
308 1873 426 1937 factum
451 1894 483 1936 se
507 1870 618 1936 vidisse
630 1881 793 1936 testantem
808 1867 992 1934 Ciceronem
1004 1868 1167 1956 legamus¹
1190 1893 1199 1947 3

250 2013 322 2056 cum
346 2014 407 2081 qna
426 1990 554 2080 quidem
575 1989 673 2055 animi
693 1989 908 2054 moderatione
941 2001 1051 2077 sponte
1074 1987 1203 2054 Atticus·

248 2112 360 2177 miram
383 2112 540 2200 quandam
558 2114 759 2200 conjunxerat
777 2113 811 2177 in
837 2112 982 2178 omnibus
1005 2111 1097 2178 rebus
1119 2121 1199 2176 rema

241 2238 440 2322 parantium
453 2283 462 2312 ,
474 2234 537 2299 sire
555 2284 564 2312 ,
586 2232 766 2299 utPlatonis
777 2233 877 2298 verbis
895 2245 989 2313 utar,
1014 2235 1067 2296 καὶ
1077 2233 1202 2315 ἡδονῶν

248 2377 344 2418 τινων
367 2354 421 2416 nul
443 2355 621 2432 ἐπιθυμιῶν
638 2355 820 2436 ἐγκράτειαν
836 2356 866 2419 ²⁶
913 2352 998 2417 Hinc
1017 2351 1133 2441 partim
1152 2371 1204 2415 re-n

249 2472 446 2562 petendum,
471 2493 543 2536 eum
567 2491 673 2559 gerere
694 2471 727 2534 in
748 2470 911 2560 republica
943 2487 1105 2560 nunquam
1128 2493 1200 2535 ma*-

249 2596 395 2684 gistratns
429 2591 558 2658 voluisse
579 2592 760 2681 oblatasque
779 2592 839 2657 sibi
861 2591 995 2658 honores
1023 2605 1200 2658 constanter

249 2715 437 2806 repudiasse.
452 2714 524 2782 Non
545 2715 659 2778 servire
682 2714 803 2780 Atticus
822 2713 924 2802 pravis
936 2714 1117 2792 affectibus,
1135 2735 1199 2780 non

248 2839 481 2926 provinciarum
499 2834 729 2923 direptionibus
749 2847 840 2923 turpe
852 2834 912 2899 sibi
929 2833 1050 2899 lucrum
1070 2854 1205 2923 parare,

248 2958 313 3022 imo
354 2955 404 3021 rel
447 2955 636 3044 suspiciones
681 2955 850 3020 criminum
893 2956 988 3030 nisus¹
1015 2955 1113 3021 ritaro
1156 2967 1202 3021 est

249 3077 410 3166 animique
443 3075 520 3140 adeo
549 3074 770 3164 tranquillitati
798 3075 959 3142 consulere
975 3080 1005 3148 ³.
1060 3075 1200 3141 Plurima

248 3200 337 3265 luere
370 3196 534 3263 commoda
549 3237 558 3275 ,
591 3217 671 3286 quae
698 3195 854 3260 Romanos
886 3196 984 3276 olim,
1024 3197 1057 3260 in
1093 3196 1204 3284 primis·

248 3321 442 3414 provinciam
481 3320 629 3398 sortitos,
665 3319 845 3385 manebant.
892 3317 1018 3381 Praeter
1042 3316 1203 3405 insignem

249 3445 406 3536 quandam
427 3441 580 3534 pecuniae
607 3441 693 3522 rim,
719 3460 798 3529 quae
821 3438 859 3503 iis
890 3437 1045 3504 ornandae
1073 3437 1202 3528 prorin⁴

249 3565 315 3630 aiae
337 3563 427 3631 causi
440 3585 477 3630 er
501 3560 619 3628 aerario
641 3560 890 3638 numerabatur,
914 3559 993 3628 latus
1012 3557 1049 3626 iis
1070 3560 1199 3648 patebat
1232 3604 1243 3612 -

285 3833 295 3864 ¹
335 3838 397 3892 nra.
415 3825 552 3903 vinna
570 3819 690 3903 raab

284 3935 295 3969 ¹
335 3941 410 3992 rista
428 3941 458 3992 ra
476 3941 537 4009 rap.
553 3937 615 3990 nra.
634 3937 680 3990 rr.
697 3956 727 4005 p.
746 3934 808 4004 tao.
825 3923 855 3989 nt

286 4037 297 4073 ⁸
336 4041 421 4106 Nepos
439 4059 465 4095 c.
481 4035 614 4106 Vl.§5a
