3042 5146
694 591 757 653 143

284 767 371 832 Haec
400 766 438 831 de
468 765 564 832 lirici
591 769 716 858 ingenio
748 792 784 834 eo
814 771 953 837 moribus
977 770 1111 836 dicenda
1130 775 1198 838 exi·

241 891 445 959 stimerimus.
491 889 634 957 Subinde
664 913 719 956 nos
747 914 910 957 censorum
940 893 1034 958 falsae
1063 895 1202 983 suspici-

185 998 187 1000 ·
242 1023 315 1076 ones
341 1011 433 1076 letius
454 1011 583 1102 quidem
605 1011 746 1100 divagari
763 1015 944 1101 jusserunt,
980 1013 1033 1079 sed
1056 1015 1200 1082 fecerunt

242 1138 347 1198 tomen
359 1181 369 1212 ‚
393 1132 454 1199 nisi
474 1131 589 1214 fallor,
615 1146 650 1200 ul
670 1134 762 1198 rebus
785 1135 945 1223 utrimque
969 1137 1133 1223 spectatis,
1160 1135 1200 1200 ed

242 1255 403 1318 veritatem
428 1275 465 1317 eo
486 1251 616 1341 propius
646 1251 877 1324 accederemus.
924 1255 1064 1320 Virtutes
1094 1270 1199 1322 autern

241 1375 308 1463 ejus
335 1375 589 1442 adumbravimus
602 1385 618 1456 ,’
637 1377 745 1466 quales
768 1399 817 1442 ees
843 1399 860 1440 e
881 1377 1004 1464 Nepote
1020 1359 1122 1464 ¹alque
1147 1373 1200 1440 Gi-

241 1519 353 1564 cerone
393 1498 602 1588 percepimus.
670 1497 755 1562 Vitia
784 1519 846 1562 non
880 1494 1088 1576 tradidimus3
1135 1519 1198 1560 non

240 1617 326 1706 quod
347 1639 456 1684 eorum
475 1641 582 1708 erpere
602 1618 696 1707 plene
715 1619 834 1698 fuerit,
859 1619 911 1684 sed
947 1618 1031 1707 quod
1055 1641 1091 1682 ea
1122 1641 1200 1684 nuo-

241 1761 335 1826 quem
367 1751 472 1804 notata
502 1738 586 1828 apud
620 1739 765 1826 antiquos
794 1737 968 1802 invenimus
1000 1759 1103 1826 neque
1125 1739 1198 1824 jure

241 1858 386 1946 colligere
415 1847 559 1924 alicunde
582 1857 755 1948 potuimus.
804 1855 849 1920 Er
871 1854 997 1920 illorum
1026 1855 1119 1942 igitur
1144 1858 1198 1943 ju·

239 1978 325 2047 dicio
346 1979 434 2060 talis,
460 1978 585 2069 qualem
609 2001 664 2042 nos
686 1977 923 2066 descripsimus,
960 1974 1082 2040 Atticus
1110 1975 1193 2055 fuit3

240 2098 340 2164 virum
363 2099 434 2164 dieo
461 2099 585 2190 ingenio
614 2099 818 2188 moribusque
859 2110 922 2163 lem
945 2096 1135 2188 praeclaris,
1161 2111 1196 2163 ut

239 2241 309 2286 rere
334 2220 426 2286 leude
454 2221 642 2309 probitatis,
678 2219 881 2310 diligentiae,
916 2219 1074 2308 religionis
1103 2241 1194 2284 nemo

230 2340 303 2437 lere
323 2339 353 2403 ei
376 2351 453 2406 esset
476 2341 710 2428 anteponendus
727 2343 758 2412 ¹.

276 2583 286 2616 ¹
326 2583 386 2634 ruit
414 2581 481 2634 haec
510 2571 646 2636 Ciceronis
673 2582 827 2646 sententia,
858 2599 942 2649 quam
969 2581 1074 2648 profert
1094 2583 1153 2636 lib.
1170 2581 1194 2636 l.

237 2685 285 2754 Ep.
304 2688 344 2740 17.
363 2684 377 2754 §
395 2685 419 2740 5.
