3042 5146
678 633 720 693 85

211 806 367 871 ,nobilium
389 806 603 872 Romanorum
628 829 738 888 more,
764 811 922 898 quomodo
953 814 1071 902 optime
1098 817 1168 880 col·

213 929 352 1006 locaret,
389 929 496 996 sedulo
536 929 724 1018 dispiciebat
763 931 804 997 de
832 956 931 1024 eaque
963 937 1168 1004 testudineo

213 1065 284 1117 cum
312 1047 463 1115 Cicerone
480 1049 686 1117 deliberabat.
711 1052 825 1143 Fuerat
848 1067 955 1122 autem
975 1056 1028 1123 illa
1051 1071 1169 1146 epatre

212 1171 373 1258 praeclare
402 1171 531 1236 educata
559 1185 591 1237 et
623 1185 687 1239 tem
731 1173 834 1262 amplo
868 1187 934 1239 orta
965 1197 1097 1264 genere,
1134 1189 1170 1242 ut

211 1291 366 1358 collocare
393 1315 462 1358 eam
493 1293 595 1358 minus
627 1292 757 1382 quidem
784 1292 892 1359 fuisset
921 1293 1072 1374 difficile,
1109 1294 1168 1360 nisi

212 1411 325 1499 religio
356 1412 453 1499 patris
484 1434 556 1477 eum
584 1411 643 1476 sibi
672 1432 820 1498 generum
844 1411 1025 1491 maluisset,
1051 1412 1103 1477 cui
1126 1413 1167 1476 ad

209 1554 331 1598 morum
350 1531 521 1621 puritatem
545 1530 625 1596 nihil
652 1552 839 1619 magnopere
870 1530 1045 1610 deess0r13
1084 1531 1167 1620 quod

209 1665 276 1716 turn
310 1675 371 1718 non
413 1655 492 1717 bene
523 1653 553 1715 ei
582 1653 683 1721 cessit.
754 1653 961 1741 Aliquamdiu
995 1675 1067 1718 vcro
1098 1666 1168 1742 post

210 1770 359 1836 idoneum
381 1782 489 1838 nactus
513 1794 663 1860 generum
696 1774 806 1841 cstM.
843 1774 1029 1862 Vipsanium
1053 1777 1165 1865 Agrip-

209 1917 281 1984 pam
296 1944 305 1973 ,
332 1894 491 1962 Octaviani
518 1895 726 1975 familiarem,
773 1894 975 1960 conciliatore
1021 1893 1067 1961 Μ.
1096 1897 1166 1959 ,ln-

214 2017 324 2095 tonio,
348 2017 514 2081 triumviro
535 2014 729 2105 reipublicae
747 2014 992 2082 constituendae.
1026 2016 1176 2103 Agrippa.

207 2137 309 2212 eninr,
336 2155 434 2224 quum
456 2146 587 2224 propter
611 2156 695 2200 suam
717 2133 853 2222 gratiam¹
882 2146 913 2198 et
945 2133 1077 2221 Augusti
1107 2155 1165 2220 po-,

207 2253 359 2331 tentiam,
386 2253 501 2318 nullius
512 2253 700 2320 conditionis
719 2277 782 2320 non
804 2254 935 2320 haberet
955 2266 1162 2343 potestatem,

208 2374 403 2461 potissimum
429 2373 527 2438 Attici
547 2372 663 2461 delegit
673 2374 855 2440 affinitatem
868 2423 877 2455 ,
902 2375 1162 2470 praeoptavitque
1201 2464 1204 2472 Ι

209 2492 332 2581 Equitis
355 2492 488 2558 Romani
510 2493 606 2558 filiam
640 2489 854 2582 generosarum
878 2494 996 2581 nuptiis
1011 2500 1040 2565 ².
1095 2496 1163 2579 Quo

205 2783 264 2818 mae
291 2765 445 2834 jucundam
475 2779 548 2829 esec,
568 2765 690 2828 gaudeo:
712 2781 848 2832 comque,
866 2786 935 2836 qaam
954 2783 1071 2837 nunquam
1089 2770 1165 2831 vidi,
1255 2757 1288 2807 ν’

204 2872 294 2916 tomen
323 2871 350 2915 et
380 2882 441 2915 amo
470 2872 497 2915 et
527 2864 676 2916 amabilem
706 2883 760 2918 aesc
791 2874 865 2918 certo
882 2868 984 2942 scion,v
1003 2869 1110 2920 obstant
1129 2886 1162 2919 ne

210 2975 269 3016 turn
297 2973 390 3015 natam
409 2967 555 3030 dicemus,
575 2983 645 3032 quae
662 2964 791 3031 leguntur
811 2967 869 3016 Inb.
889 2963 941 3018 Vl.
960 2967 1008 3032 Ep.
1030 2970 1055 3016 l·
1073 2965 1087 3034 5
1107 2967 1163 3032 22,
1242 2952 1247 2958 ι

203 3067 267 3116 datis
291 3067 319 3117 d.
338 3061 396 3120 Ill,
414 3067 486 3118 Non.
504 3068 587 3117 Mart.
607 3068 639 3115 A.
657 3067 687 3115 U·
706 3067 735 3116 C.
754 3065 823 3132 704:
846 3066 966 3117 «Filioln
985 3075 1032 3118 tue
1051 3074 1161 3132 gratum

203 3157 276 3220 mihi
292 3167 378 3232 fecit,
397 3167 471 3234 qnod
489 3164 544 3217 tibi
561 3163 711 3228 diligenter
727 3165 891 3230 mandavit,
910 3173 941 3216 ut
959 3164 1031 3216 mihi
1042 3165 1160 3218 salntem

203 3269 410 3320 adscriberes».
445 3265 513 3316 Enoc
543 3279 605 3314 sane
633 3263 729 3313 cadere
757 3264 787 3313 in
812 3261 939 3316 tantillae
959 3266 1056 3316 aetatis
1072 3263 1161 3316 filiam

201 3365 278 3420 nullo
308 3367 389 3418 modo
414 3371 552 3434 possunt3
571 3362 701 3428 quocirca
719 3378 773 3412 non
792 3363 913 3415 multum
931 3382 946 3414 a
963 3381 1028 3419 vero
1046 3365 1161 3415 omres·

201 3470 294 3531 verit,
323 3471 372 3536 qui
392 3473 513 3533 statuet,
532 3480 602 3514 enno
620 3462 678 3514 fere
695 3463 727 3514 U·
745 3464 775 3514 C·
794 3467 842 3518 701
862 3464 986 3517 Atticum
1003 3461 1091 3514 filiole
1108 3462 1160 3514 itte
1220 3515 1224 3523 ,

202 3569 285 3621 fuisse
315 3575 451 3630 auctum,
480 3582 564 3631 quam
593 3562 628 3611 ad
653 3577 772 3613 mensem
792 3564 864 3630 Sept.
883 3564 933 3619 703
951 3570 1026 3614 extra
1045 3563 1159 3614 Romam

201 3670 368 3732 educatam,
387 3672 531 3732 propterea
550 3678 692 3729 nunquam
711 3659 806 3714 Cicero
823 3663 946 3714 videras

240 3760 250 3792 ¹
290 3767 352 3817 nib.
384 3761 460 3815 lllll.
487 3759 685 3828 up.tt.§6;
703 3761 753 3826 Ep.
771 3761 815 3812 29.
836 3762 848 3828 §
869 3767 901 3828 13
921 3762 993 3812 unde
1013 3773 1084 3814 recte
1111 3781 1159 3815 su·

201 3869 301 3938 spicati
320 3869 486 3933 interpretes
505 3869 588 3927 snut,
609 3862 642 3912 de
660 3859 781 3910 Thalnae
798 3861 973 3928 potissimum
992 3863 1096 3928 nuptiis
1109 3865 1160 3913 At-

199 3974 285 4023 ticum
304 3968 444 4032 cogitasse.

236 4071 247 4105 2
291 4071 359 4119 llaec
391 4067 447 4117 l'crc
476 4066 559 4116 habet
588 4067 673 4130 Nepos
692 4083 718 4135 c.
738 4059 887 4132 ltll.§1‚
908 4067 935 4118 2.
970 4067 1029 4118 Post
1047 4068 1157 4134 nuptias
