3042 5146
813 603 856 708 tr

354 795 459 850 temen
477 791 643 847 contenta
666 779 710 843 ris
732 779 835 847 morbi
856 780 938 859 fuit,
962 793 997 846 ut
1017 803 1035 846 a
1056 779 1217 852 Ciceronis
1231 789 1306 854 cunt

352 905 494 970 Atticum
524 922 648 991 prorsus
677 913 816 968 avertere
855 902 1019 992 potuerit,
1057 902 1212 991 siquidem
1242 928 1306 1002 nop

350 1024 442 1090 desiit
463 1025 503 1092 dc
533 1025 678 1090 omnibus
703 1026 796 1090 rebus
819 1045 891 1088 cum
919 1023 1022 1087 lacere
1045 1023 1232 1102 certiorem,
1266 1024 1305 1090 de

247 1137 253 1142 ¹
350 1146 417 1233 ejus
433 1157 515 1210 statu
534 1145 671 1236 cogitare
690 1165 827 1233 eumque
839 1143 975 1208 consiliis
995 1143 1141 1232 adjurare
1157 1145 1185 1210 ¹.
1209 1143 1305 1208 Jam-

343 1263 507 1350 jamenim
525 1276 672 1352 eruptura
693 1262 858 1328 ridebatur
879 1260 1163 1342 tantadimicstio,
1187 1272 1303 1350 quanta
1387 1253 1395 1262 ’

348 1404 508 1472 nunquam
540 1383 660 1453 fuisset.
714 1383 789 1448 lluc
810 1382 857 1449 illi
886 1379 1048 1471 principes
1075 1382 1109 1446 in
1141 1383 1302 1471 republica

347 1504 426 1583 riri,
453 1501 564 1570 Caesar
584 1517 616 1571 et
640 1505 829 1596 Pompejus,
853 1504 914 1571 sibi
936 1506 1062 1582 iusidias
1086 1518 1204 1571 struere
1233 1508 1303 1574 bel·

345 1624 475 1713 lumque
486 1638 593 1714 aperte
610 1649 721 1714 perere
732 1638 922 1716 coeperunt,
944 1647 1004 1691 nec
1025 1625 1083 1692 uisi
1104 1625 1231 1692 alterius
1250 1624 1301 1690 iu-

344 1743 441 1810 teritu
461 1767 509 1812 res
540 1748 652 1814 confici
673 1771 760 1837 posse
780 1748 962 1837 putubatur.
1010 1746 1127 1812 Verum
1156 1746 1301 1836 pluribus

344 1863 402 1930 istu
423 1865 569 1954 persequi
597 1865 739 1932 historici
764 1878 835 1932 est:
870 1887 925 1930 nos
947 1888 1058 1955 operae
1084 1865 1222 1954 pretium
1251 1865 1298 1930 fa·

341 1983 425 2053 cturi
446 2008 582 2067 sumus,
617 1988 641 2052 si
682 1987 782 2054 Attici
812 1987 849 2052 iis
890 1988 1129 2077 tempestatibus
1162 1988 1243 2053 fecta
1264 1999 1297 2052 et

342 2110 493 2186 consilia,
513 2129 598 2196 quae
622 2105 784 2172 Ciceronis
817 2106 1002 2195 praesertim
1036 2105 1146 2174 habits
1174 2107 1296 2172 ratione

340 2228 487 2307 elucent,
513 2227 554 2292 ob
575 2225 680 2291 oculos
703 2226 912 2313 posuerimus.

340 2409 451 2474 doque,
471 2405 561 2456 dioeta
579 2403 689 2455 omnino
708 2403 893 2471 remediisque
911 2404 1066 2455 domesticis
1086 2403 1120 2454 sd
1131 2375 1295 2454 morbescu-

338 2506 443 2556 nanaos
459 2503 643 2556 usumrunse.
677 2476 767 2557 vrac'.
787 2505 846 2556 uc.
862 2501 914 2558 vt.
946 2503 995 2570 up.
1019 2507 1047 2557 9.
1064 2504 1077 2572 s
1098 2509 1129 2570 13
1148 2505 1208 2557 cru.
1224 2502 1293 2556 vu.

338 2607 393 2672 Ep·
419 2606 445 2656 2.
468 2599 882 2672 §23up.5.§5;1,ib.lx.
910 2604 962 2669 Ep.
985 2607 1011 2657 7.
1041 2604 1108 2672 §73
1136 2605 1195 2656 Lib.
1223 2602 1292 2655 xlv.

337 2709 388 2775 Ep.
406 2706 432 2761 5.
450 2707 513 2758 init.
549 2706 661 2774 Proprie
689 2705 777 2770 igitur
805 2706 927 2756 medicina
953 2705 1060 2755 Atticus
1080 2720 1133 2755 uon
1151 2704 1290 2768 indiguit,

335 2808 410 2875 quod
440 2827 471 2858 eo
498 2825 577 2859 sensu
603 2806 676 2856 dixit
703 2809 811 2874 Nepos,
840 2811 872 2856 ut
893 2805 1073 2869 significaret,
1094 2820 1157 2853 eum
1177 2803 1290 2865 triginta

334 2911 480 2976 postremis
512 2908 609 2959 aetatis
637 2907 715 2958 anuis
737 2923 790 2956 non
816 2913 874 2956 tam
897 2905 975 2970 gravi
1002 2905 1098 2954 morbo
1127 2901 1210 2952 fuisse
1235 2907 1292 2952 im·

334 3007 482 3074 plicitum,
502 3014 533 3057 ut
544 3006 687 3057 medicorum
699 3025 763 3076 opem
778 3004 965 3056 desiderasset.
983 3003 1024 3056 ef.
1041 3001 1291 3053 Liebcrlruchnius-

333 3102 564 3156 Pclrlmouuiauus
578 3103 599 3153 l.
617 3104 638 3152 l·
655 3123 681 3171 p·
706 3104 748 3160 57·

378 3199 387 3234 ¹
426 3201 485 3254 Lib·
503 3199 555 3254 Vl·
575 3203 622 3270 Ep.
641 3205 666 3255 9.
685 3200 699 3268 5
718 3204 749 3270 53
770 3205 827 3253 tib.
849 3201 914 3258 vlt,
934 3203 981 3268 Ep.
1002 3204 1028 3253 2·
1046 3201 1059 3266 5
1079 3207 1121 3253 8.“
