2970 5144
841 545 881 606 12

384 723 498 792 oerioos
539 727 668 805 missae,
713 723 861 802 Orator,
901 723 965 789 duo
1013 726 1131 815 priores
1167 725 1209 790 de
1239 727 1359 792 Fem-

382 851 441 914 bus
460 835 555 927 libri3
581 847 709 913 secundi
732 848 853 936 generis
878 861 949 914 sunt
981 847 1056 914 libri
1091 847 1145 915 de
1164 849 1352 918 Senectute

380 981 414 1034 ct
441 970 482 1034 de
509 969 697 1048 Amicitia,
731 970 838 1034 Attico
869 970 1035 1060 inscripti;
1064 971 1174 1051 tertii,
1198 971 1272 1038 libri
1305 977 1350 1040 de

377 1091 549 1178 legibue,
574 1091 705 1153 Brutus
718 1138 728 1168 ,
741 1090 822 1154 liber
842 1090 883 1155 dc
901 1089 1046 1160 Finitus
1066 1091 1215 1180 quintus,
1238 1093 1347 1159 Aca-

381 1211 581 1274 demicortem
591 1209 731 1298 primus;
751 1231 886 1299 quorum
905 1209 973 1278 loce
995 1211 1112 1291 modo,
1136 1225 1172 1278 ut
1193 1213 1251 1292 fit,
1271 1235 1346 1278 ma-

379 1330 477 1418 joris,
495 1329 736 1424 modomiooris
755 1332 930 1410 momenti,
952 1332 1126 1398 accuratius
1148 1333 1229 1400 infre
1255 1334 1345 1399 defi·

384 1451 482 1515 nitori
509 1471 626 1518 sumus.
662 1449 765 1538 Opere
785 1463 888 1516 cutem
910 1451 964 1516 illa
981 1453 1169 1519 recensuisse
1195 1455 1345 1522 sufficiet.

384 1555 486 1640 Peuce
506 1574 686 1652 continent,
700 1595 834 1662 quorum
857 1573 991 1661 plurimo
1015 1574 1063 1639 rel
1083 1575 1167 1662 apud
1185 1574 1346 1663 Nepotem

383 1697 431 1761 rel
449 1697 481 1760 in
504 1695 650 1783 Epistolis
672 1695 766 1760 etium
788 1707 917 1761 erstoot.
961 1694 1075 1760 Omnia
1106 1709 1212 1761 eutem
1241 1696 1346 1761 Attici

375 1829 522 1908 ‘tempore
541 1818 626 1882 edite
654 1830 747 1894 sunt,
780 1816 871 1904 longe
899 1817 1066 1880 marimum
1091 1829 1212 1905 partem
1236 1816 1345 1881 eidem

379 1936 464 2015 lecta
484 1947 515 1999 et
547 1934 703 2022 divulgato
717 1934 837 2014 „unde
874 1955 984 2000 eorum
1011 1936 1178 2001 auctoritas
1207 1935 1344 2001 mirifice

384 2068 527 2145 nugetur.
574 2054 621 2118 lle
653 2066 809 2143 postremo
842 2067 947 2118 eutem
980 2077 1092 2143 genere
1115 2053 1179 2120 hoc
1198 2055 1344 2120 universe

383 2179 502 2243 dictum
534 2177 595 2254 sit,
629 2175 686 2240 etsi
717 2176 741 2240 is
770 2175 810 2241 sit
830 2189 907 2240 'mos
940 2175 1157 2264 dialogorum,
1184 2189 1219 2240 ut
1251 2175 1343 2264 loqui

383 2299 465 2362 inter
503 2319 534 2361 se
576 2277 768 2386 disputantes
805 2309 1045 2386 proponuntur,
1076 2297 1161 2386 quod
1193 2299 1274 2362 iuter
1305 2321 1341 2363 se

383 2407 541 2508 nunquam
583 2418 680 2484 locuti
713 2430 784 2484 sunt
811 2420 841 2496 ¹,
891 2439 928 2482 eo
961 2418 1182 2484 sententiarum
1215 2419 1340 2508 pondus

383 2560 446 2603 non
474 2537 517 2601 ita
547 2536 664 2616 levari„
702 2550 737 2603 ut
769 2536 892 2601 nullum
923 2537 988 2602 fere
1027 2538 1194 2602 existimari
1228 2538 1336 2627 possit.

382 2660 509 2729 Constat
541 2660 626 2725 euim
653 2661 744 2737 sotis,
776 2657 916 2723 Tullium
958 2661 1042 2724 tantis
1073 2659 1135 2724 fide
1165 2671 1196 2724 et
1222 2645 1336 2748 peritii

378 2795 535 2848 versutum
556 2805 591 2846 eo
613 2783 646 2845 in
665 2803 699 2844 re
719 2780 812 2844 tuisse
824 2827 834 2857 ,
857 2792 891 2845 ut
911 2779 1003 2868 plone
1027 2779 1142 2845 alienos
1162 2778 1331 2844 sententies

380 2904 519 2995 personis
538 2903 599 2966 suis
618 2921 814 2990 nequequam
829 2900 1034 2980 obtruderet,
1055 2901 1129 2980 sed,
1149 2899 1336 2988 quoedpos·
1469 2950 1479 3025 ι

381 3039 447 3105 set,
467 3024 505 3090 od
527 3045 634 3088 corum
658 3022 818 3111 ingenium
840 3021 1060 3110 cogitandique
1081 3021 1234 3086 rationem
1246 3040 1333 3086 suem

380 3147 552 3212 orationem
574 3141 834 3209 accommodaret.
929 3195 932 3202 ,
1223 3133 1224 3136 “

427 3269 555 3345 Restat,
579 3280 613 3330 ut
640 3265 736 3329 verbo
760 3265 799 3328 de
827 3277 938 3330 ceteris
960 3276 1082 3330 nostroe
1116 3261 1335 3353 disputationis

382 3388 524 3453 subsidiis
556 3407 757 3463 moneamus,
793 3406 873 3472 quae
908 3406 980 3448 sone
1003 3397 1073 3450 sunt
1095 3397 1158 3448 tum
1182 3405 1332 3463 numero,

382 3529 476 3596 quom
496 3517 656 3570 momento
685 3503 862 3594 perexiguo.
896 3502 997 3570 Peuce
1020 3505 1087 3570 loco
1108 3515 1179 3570 suot
1212 3503 1245 3566 io
1268 3501 1332 3567 Ne·

379 3627 463 3720 ¹potis
486 3627 701 3706 Hannibale,
725 3621 849 3691 Valerio
869 3626 1024 3708 Maximo,
1046 3628 1183 3706 Seneca,
1198 3627 1330 3705 Tacito,

285 3765 289 3774 '
382 3750 554 3842 Suetfflrio,
570 3747 672 3813 Plinio
692 3748 860 3830 Secundo,
883 3749 1010 3829 Solino,
1028 3750 1157 3816 Asconio
1177 3747 1331 3824 Pediano,

418 4021 427 4051 ¹
468 4025 526 4078 nio.
546 4026 593 4079 rr.
612 4024 652 4077 m.
673 4023 731 4076 niu.
750 4023 798 4090 cp.
817 4023 874 4090 or
896 4025 918 4072 1.
