3042 5140
688 617 750 682 175

235 796 414 862 demetiam
434 795 531 859 socios
548 795 680 860 subinde
699 794 810 860 babuit
821 794 995 883 studiorum
1013 798 1022 835 ¹
1045 845 1054 876 ,
1078 793 1218 885 quem-‘

237 915 406 980 admodum
453 937 599 1003 qnoque,
646 915 768 1002 quoties
796 937 872 1003 opus
905 915 1033 1005 aliquod
1061 917 1196 984 medite-

238 1038 329 1100 batnr
357 1035 495 1123 librique
528 1035 587 1123 ipsi
610 1035 818 1114 deficiebant,
856 1035 953 1100 lirici
985 1059 1106 1124 semper
1140 1038 1195 1102 bi·

236 1152 395 1218 bliotheeai
445 1165 593 1241 tanquam
634 1154 686 1217 sui
727 1173 798 1218 usus
839 1165 884 1218 ost
911 1159 940 1222 ².
1010 1155 1194 1221 Studiorum

237 1299 340 1350 autom
364 1283 467 1346 sedem
493 1281 615 1346 Atticus
648 1282 679 1345 in
703 1279 800 1368 Epiro
828 1280 1026 1369 potissimum
1060 1280 1193 1360 habuit,

237 1427 334 1492 qaum
358 1403 478 1467 Romae
508 1402 694 1490 plerumque
722 1400 886 1490 permultis
916 1413 948 1466 et
976 1402 1091 1467 suiset
1114 1403 1194 1466 ami-

237 1549 345 1592 eorum
390 1525 520 1613 negotiis
554 1525 593 1590 ab
627 1523 747 1589 assidua
781 1523 942 1587 literarum
971 1545 1043 1587 oure
1077 1543 1191 1587 avoca-

238 1658 346 1727 retnr3
383 1667 573 1735 quamquam
596 1659 628 1710 et
659 1643 712 1709 hie
741 1644 798 1709 sub
827 1637 962 1731 imagine
982 1643 1184 1708 Aristotelis³

275 1877 284 1907 ¹
324 1884 385 1940 Lib.
403 1885 449 1938 lv.
468 1888 516 1954 Ep.
535 1887 581 1953 db,
601 1889 616 1952 Ρ
639 1891 670 1952 l;
689 1889 740 1954 Ep.
757 1887 784 1938 5.
803 1890 818 1954 Ρ
838 1889 867 1952 35
888 1886 937 1953 Ep.
955 1887 1012 1954 8.§
1033 1888 1068 1952 ‘23
1088 1889 1136 1954 Ep.
1150 1892 1193 1942 17.

234 1986 248 2053 Ρ
267 1986 300 2052 3;
320 1987 371 2052 Ep.
390 1991 433 2042 18.
451 1993 466 2056 Ρ
488 1987 525 2051 3,
545 1987 627 2038 alibi.
647 1989 744 2038 Omnes
764 2003 903 2036 recensere
920 2001 973 2034 non
992 1993 1084 2037 vacat.
1103 1989 1192 2036 Maxi-

233 2103 277 2136 me
302 2087 330 2136 in
358 2104 466 2138 censum
496 2089 610 2139 veninat
640 2087 752 2149 Alexis,
780 2084 829 2152 qui
850 2085 933 2134 Attici
951 2084 1015 2133 Tiro
1035 2084 1111 2146 fuit,
1131 2086 1192 2151 pri·

232 2200 309 2234 mum
327 2186 636 2251 servus,tumlibcrtus
655 2193 682 2236 et
700 2206 713 2236 a
733 2202 828 2248 mann,
849 2183 911 2236 Lib.
930 2183 999 2238 Vll.
1015 2187 1064 2252 Ep.
1084 2189 1110 2238 2.
1130 2189 1188 2255 §33

232 2286 294 2339 Lib.
311 2285 375 2339 Xli,
394 2288 442 2353 Ep.
461 2291 503 2351 105
525 2290 555 2353 Q.
574 2285 705 2336 Caecilius
725 2286 857 2351 Epirota,
880 2290 986 2336 Atticae
1004 2293 1188 2352 praeceptor,

232 2388 282 2454 qui
319 2392 411 2452 postea
441 2383 562 2436 scholam
594 2385 701 2449 apernit
730 2391 756 2432 et
784 2383 892 2448 primus
916 2383 1019 2435 dicitur
1039 2383 1135 2436 Latine
1153 2404 1185 2436 ex

231 2493 355 2552 tempore
373 2483 543 2550 disputasse,
563 2480 715 2548 Virgilium
734 2499 842 2548 queque
861 2489 887 2531 et
906 2481 974 2532 alios
993 2487 1086 2549 poetas
1104 2501 1189 2534 novos

230 2583 388 2650 praelegere
412 2587 551 2649 coepisse,
578 2589 687 2632 auctore
714 2582 786 2633 Suet.
812 2582 842 2632 de
866 2583 913 2640 ill,
931 2603 1031 2648 gramm.
1059 2602 1083 2634 e.
1112 2582 1189 2648 XV13

230 2686 267 2734 M·
291 2683 452 2750 Pomponius
476 2681 647 2750 Dionysius,
676 2681 794 2732 libertus
812 2687 838 2730 et
857 2681 1013 2744 librarius,
1031 2698 1136 2748 quem,
1157 2683 1190 2731 de

230 2787 356 2850 Cicerone
374 2794 399 2836 et
420 2786 510 2837 Attice
529 2785 700 2838 nominatum
711 2819 721 2847 ,
751 2781 801 2832 ille
829 2781 946 2832 lamisem
965 2788 1045 2830 vocat
1062 2781 1189 2846 mirificum

230 2885 439 2953 studiorumque
458 2887 608 2952 aliquando
627 2889 731 2936 socium
750 2884 901 2948 adhibuit,
928 2880 992 2935 Lib.
1009 2880 1059 2933 lV.
1077 2884 1128 2948 Ep.
1147 2888 1190 2935 ll.

229 2982 243 3050 Ρ
268 2985 294 3039 l.
317 2985 380 3036 Fuit
403 2993 494 3052 postea
521 2992 679 3049 praeceptor
710 2983 865 3034 liberorum
890 2978 1046 3045 Ciceronis,
1065 2982 1131 3036 Lib.
1146 2973 1195 3038 li.

229 3081 278 3148 Ep.
302 3082 345 3134 15.
362 3082 376 3150 Ρ
395 3086 427 3134 10
443 3080 472 3147 f;
490 3081 552 3133 Lib.
579 3080 616 3132 V.
634 3082 684 3147 Ep.
701 3085 728 3134 9.
746 3082 760 3148 Ρ
781 3083 810 3146 33
830 3082 893 3134 Lib.
912 3082 963 3134 Vl.
982 3086 1033 3150 Ep.
1054 3087 1080 3137 l.
1102 3085 1115 3146 Ρ
1135 3086 1185 3144 12,

229 3180 267 3230 al.
294 3179 427 3231 Similiter
452 3180 486 3230 de
516 3179 606 3231 Attico
634 3180 805 3248 appellatum
835 3182 990 3234 invenimus
1017 3183 1128 3234 doctum
1149 3183 1187 3232 li-

229 3279 338 3328 berium
366 3279 398 3328 Τ.
428 3274 577 3329 Caecilium
602 3276 805 3344 Eutychidem,
834 3278 896 3332 Lib.
922 3279 968 3332 IV.
996 3281 1044 3348 Ep.
1065 3282 1107 3333 15.
1128 3281 1141 3348 Ρ
1160 3285 1187 3334 1.

228 3373 348 3424 Tandem
376 3372 405 3424 in
431 3375 516 3426 Attici
540 3373 647 3426 familia
680 3375 733 3426 fuit
761 3378 909 3444 Serapion,
938 3378 1020 3429 homo
1039 3373 1103 3448 prae
1123 3378 1186 3428 aliia

228 3474 322 3525 doetus
349 3481 376 3526 et
402 3476 526 3542 probus.
560 3493 642 3541 quem
670 3477 872 3526 commendasse
902 3477 1024 3528 Ciceroni
1053 3477 1184 3543 videtur,

227 3572 277 3637 qui
295 3570 426 3640 Dionysio
445 3574 612 3626 succederet.
629 3573 695 3626 vid.
713 3574 775 3628 Lib.
793 3575 825 3627 X.
844 3578 893 3643 Ep.
912 3581 954 3632 17.
974 3576 997 3644 Ρ
1017 3581 1041 3630 1.

267 3669 278 3700 ²
317 3673 377 3726 Lib.
407 3673 465 3726 xtl.
496 3676 544 3740 Ep.
579 3672 621 3740 14.
650 3672 664 3740 Ρ
688 3675 714 3726 3.
732 3675 833 3726 Passim
852 3678 881 3726 in
900 3675 1029 3744 Epistolis
1049 3679 1081 3729 de
1102 3681 1186 3731 Attici

226 3768 309 3818 libris
328 3773 453 3837 expetit,
472 3793 500 3826 r.
516 3792 539 3824 c·
558 3774 622 3826 Lib.
641 3771 680 3824 11.
701 3775 751 3840 Ep.
767 3777 814 3827 11.
834 3777 847 3844 Ρ
867 3781 901 3844 73
927 3777 991 3831 Lib.
1010 3776 1055 3832 11.
1074 3782 1125 3848 ΕΡ.
1144 3781 1185 3847 ld.

224 3868 238 3932 Ρ
274 3867 390 3933 13Lib.
420 3869 498 3924 Vlll.
517 3874 567 3940 Ep.
593 3875 635 3926 11.
661 3873 674 3941 Ρ
702 3878 734 3940 73
767 3875 817 3942 Ep.
847 3874 999 3942 1256st
1025 3875 1088 3930 Lib.
1106 3878 1185 3931 Xlii.

227 3967 276 4032 Ep.
296 3964 330 4032 ⁸3
350 3969 399 4034 Ep.
417 3970 461 4021 31.
479 3971 493 4038 Ρ
512 3972 544 4036 2;
570 3973 618 4039 Ep.
637 3972 683 4026 32.
703 3973 716 4042 Ρ
735 3975 767 4042 23
787 3974 835 4040 Ep.
854 3974 897 4026 33.
917 3973 1186 4048 §35tp.39.§ts.

267 4062 278 4094 ²
317 4062 381 4119 Lib.
402 4064 453 4121 IV.
472 4069 522 4133 Ep.
541 4071 616 4135 10.Ρ
638 4072 663 4122 1.
