<?xml version="1.0" encoding="UTF-8"?>
<!DOCTYPE html PUBLIC "-//W3C//DTD XHTML 1.0 Transitional//EN"
    "http://www.w3.org/TR/xhtml1/DTD/xhtml1-transitional.dtd">
<html xmlns="http://www.w3.org/1999/xhtml" xml:lang="en" lang="en">
 <head>
  <title>
</title>
<meta http-equiv="Content-Type" content="text/html;charset=utf-8" />
  <meta name='ocr-system' content='tesseract 3.04.00' />
  <meta name='ocr-capabilities' content='ocr_page ocr_carea ocr_par ocr_line ocrx_word'/>
</head>
<body>
  <div class='ocr_page' id='page_1' title='image "./diatribeintpomp00hullgoog_0231.png"; bbox 0 0 3042 5140; ppageno 0'>
   <div class='ocr_carea' id='block_1_1' title="bbox 798 596 960 658">
    <p class='ocr_par' dir='ltr' id='par_1_1' title="bbox 798 596 960 658">
     <span class='ocr_line' id='line_1_1' title="bbox 798 596 960 658; baseline 0 0"><span class='ocrx_word' id='word_1_1' title='bbox 798 596 864 658; x_wconf 87' lang='lat'><strong>210</strong></span> <span class='ocrx_word' id='word_1_2' title='bbox 956 597 960 609; x_wconf 90' lang='lat'>&#39;</span> 
     </span>
    </p>
   </div>
   <div class='ocr_carea' id='block_1_2' title="bbox 360 775 1318 868">
    <p class='ocr_par' dir='ltr' id='par_1_2' title="bbox 360 775 1318 868">
     <span class='ocr_line' id='line_1_2' title="bbox 360 775 1318 868; baseline 0.005 -25"><span class='ocrx_word' id='word_1_3' title='bbox 360 780 474 868; x_wconf 91' lang='lat' dir='ltr'><strong>quibus</strong></span> <span class='ocrx_word' id='word_1_4' title='bbox 506 777 641 845; x_wconf 84' lang='lat' dir='ltr'><strong>Sicinius</strong></span> <span class='ocrx_word' id='word_1_5' title='bbox 672 776 774 842; x_wconf 86' lang='lat' dir='ltr'><strong>fuerit.</strong></span> <span class='ocrx_word' id='word_1_6' title='bbox 845 775 949 864; x_wconf 77' lang='lat' dir='ltr'><strong>Pergit</strong></span> <span class='ocrx_word' id='word_1_7' title='bbox 980 797 1050 840; x_wconf 87' lang='lat' dir='ltr'><strong>rero</strong></span> <span class='ocrx_word' id='word_1_8' title='bbox 1081 779 1145 846; x_wconf 86' lang='lat' dir='ltr'><strong>sio:</strong></span> <span class='ocrx_word' id='word_1_9' title='bbox 1182 803 1204 844; x_wconf 83' lang='lat' dir='ltr'><strong>n</strong></span> <span class='ocrx_word' id='word_1_10' title='bbox 1216 781 1318 862; x_wconf 86' lang='lat' dir='ltr'><strong>Sunt,</strong></span> 
     </span>
    </p>
   </div>
   <div class='ocr_carea' id='block_1_3' title="bbox 357 896 1319 1231">
    <p class='ocr_par' dir='ltr' id='par_1_3' title="bbox 357 896 1319 1231">
     <span class='ocr_line' id='line_1_3' title="bbox 360 896 1319 991; baseline 0.001 -25"><span class='ocrx_word' id='word_1_11' title='bbox 360 903 414 991; x_wconf 90' lang='lat' dir='ltr'><strong>qui</strong></span> <span class='ocrx_word' id='word_1_12' title='bbox 447 902 523 966; x_wconf 91' lang='lat' dir='ltr'><strong>duos</strong></span> <span class='ocrx_word' id='word_1_13' title='bbox 556 896 676 965; x_wconf 84' lang='lat' dir='ltr'><strong>tantuin</strong></span> <span class='ocrx_word' id='word_1_14' title='bbox 705 899 738 963; x_wconf 90' lang='lat' dir='ltr'><strong>in</strong></span> <span class='ocrx_word' id='word_1_15' title='bbox 768 897 863 963; x_wconf 83' lang='lat' dir='ltr'><strong>Sacro</strong></span> <span class='ocrx_word' id='word_1_16' title='bbox 894 909 1000 962; x_wconf 86' lang='lat' dir='ltr'><strong>monte</strong></span> <span class='ocrx_word' id='word_1_17' title='bbox 1024 910 1144 963; x_wconf 83' lang='lat' dir='ltr'><strong>creatos</strong></span> <span class='ocrx_word' id='word_1_18' title='bbox 1164 899 1319 969; x_wconf 84' lang='lat' dir='ltr'><strong>Tribunos</strong></span> 
     </span>
     <span class='ocr_line' id='line_1_4' title="bbox 357 996 1315 1102; baseline 0.001 -15"><span class='ocrx_word' id='word_1_19' title='bbox 357 996 602 1102; x_wconf 70' lang='lat' dir='ltr'><strong>esse&#39;unanr»,</strong></span> <span class='ocrx_word' id='word_1_20' title='bbox 625 1020 698 1086; x_wconf 77' lang='lat' dir='ltr'><strong>nu.</strong></span> <span class='ocrx_word' id='word_1_21' title='bbox 722 1018 767 1086; x_wconf 88' lang='lat' dir='ltr'><strong>rr.</strong></span> <span class='ocrx_word' id='word_1_22' title='bbox 793 1041 822 1084; x_wconf 64' lang='grc' dir='ltr'><strong>ο.</strong></span> <span class='ocrx_word' id='word_1_23' title='bbox 850 1021 892 1082; x_wconf 84' lang='lat'><strong>33</strong></span> <span class='ocrx_word' id='word_1_24' title='bbox 917 1017 987 1086; x_wconf 80' lang='lat' dir='ltr'><strong>nn.</strong></span> <span class='ocrx_word' id='word_1_25' title='bbox 1035 1017 1315 1090; x_wconf 70' lang='lat' dir='ltr'><strong>urrunnun</strong></span> 
     </span>
     <span class='ocr_line' id='line_1_5' title="bbox 357 1139 1318 1231; baseline 0.007 -26"><span class='ocrx_word' id='word_1_26' title='bbox 357 1143 577 1230; x_wconf 77' lang='lat' dir='ltr'><strong>animadvertit</strong></span> <span class='ocrx_word' id='word_1_27' title='bbox 609 1139 775 1230; x_wconf 77' lang='lat' dir='ltr'><strong>Sigonius,</strong></span> <span class='ocrx_word' id='word_1_28' title='bbox 809 1139 899 1204; x_wconf 87' lang='lat' dir='ltr'><strong>illurn</strong></span> <span class='ocrx_word' id='word_1_29' title='bbox 933 1163 949 1203; x_wconf 85' lang='lat' dir='ltr'><strong>n</strong></span> <span class='ocrx_word' id='word_1_30' title='bbox 979 1140 1090 1204; x_wconf 84' lang='lat' dir='ltr'><strong>ceteris</strong></span> <span class='ocrx_word' id='word_1_31' title='bbox 1112 1144 1318 1231; x_wconf 78' lang='lat' dir='ltr'><strong>scriptoribus</strong></span> 
     </span>
    </p>
   </div>
   <div class='ocr_carea' id='block_1_4' title="bbox 322 1261 1323 4170">
    <p class='ocr_par' dir='ltr' id='par_1_4' title="bbox 357 1261 1316 2201">
     <span class='ocr_line' id='line_1_6' title="bbox 360 1261 1315 1332; baseline 0.002 -2"><span class='ocrx_word' id='word_1_32' title='bbox 360 1267 503 1332; x_wconf 88' lang='lat' dir='ltr'><strong>omnibus</strong></span> <span class='ocrx_word' id='word_1_33' title='bbox 533 1264 694 1330; x_wconf 80' lang='lat' dir='ltr'><strong>dissentire</strong></span> <span class='ocrx_word' id='word_1_34' title='bbox 720 1263 753 1326; x_wconf 94' lang='lat' dir='ltr'><strong>in</strong></span> <span class='ocrx_word' id='word_1_35' title='bbox 785 1261 995 1326; x_wconf 88' lang='lat' dir='ltr'><strong>Tribunorurn</strong></span> <span class='ocrx_word' id='word_1_36' title='bbox 1026 1263 1202 1329; x_wconf 89' lang='lat' dir='ltr'><strong>nominibus</strong></span> <span class='ocrx_word' id='word_1_37' title='bbox 1234 1269 1315 1332; x_wconf 88' lang='lat' dir='ltr'><strong>reoi-</strong></span> 
     </span>
     <span class='ocr_line' id='line_1_7' title="bbox 359 1381 1312 1475; baseline 0 -23"><span class='ocrx_word' id='word_1_38' title='bbox 359 1387 482 1466; x_wconf 83' lang='lat' dir='ltr'><strong>tnndis,</strong></span> <span class='ocrx_word' id='word_1_39' title='bbox 527 1407 626 1475; x_wconf 87' lang='lat' dir='ltr'><strong>quum</strong></span> <span class='ocrx_word' id='word_1_40' title='bbox 660 1383 753 1449; x_wconf 85' lang='lat' dir='ltr'><strong>Dion.</strong></span> <span class='ocrx_word' id='word_1_41' title='bbox 789 1382 862 1451; x_wconf 81' lang='lat' dir='ltr'><strong>Hal.</strong></span> <span class='ocrx_word' id='word_1_42' title='bbox 896 1381 977 1448; x_wconf 81' lang='lat' dir='ltr'><strong>Aut.</strong></span> <span class='ocrx_word' id='word_1_43' title='bbox 1017 1381 1115 1451; x_wconf 79' lang='lat' dir='ltr'><strong>Rom.</strong></span> <span class='ocrx_word' id='word_1_44' title='bbox 1148 1383 1222 1453; x_wconf 86' lang='lat' dir='ltr'><strong>Lib.</strong></span> <span class='ocrx_word' id='word_1_45' title='bbox 1254 1386 1312 1453; x_wconf 82' lang='lat' dir='ltr'><strong>vl.</strong></span> 
     </span>
     <span class='ocr_line' id='line_1_8' title="bbox 357 1506 1314 1588; baseline -0.004 -13"><span class='ocrx_word' id='word_1_46' title='bbox 357 1533 385 1576; x_wconf 89' lang='lat' dir='ltr'><strong>c.</strong></span> <span class='ocrx_word' id='word_1_47' title='bbox 421 1506 589 1574; x_wconf 80' lang='lat' dir='ltr'>LXXXIX</span> <span class='ocrx_word' id='word_1_48' title='bbox 624 1506 766 1570; x_wconf 86' lang='lat' dir='ltr'><strong>nominet</strong></span> <span class='ocrx_word' id='word_1_49' title='bbox 810 1511 947 1569; x_wconf 70' lang='grc' dir='ltr'><strong><em>Λεύκιον</em></strong></span> <span class='ocrx_word' id='word_1_50' title='bbox 979 1509 1117 1569; x_wconf 70' lang='grc' dir='ltr'><strong><em>Ἰούνιον</em></strong></span> <span class='ocrx_word' id='word_1_51' title='bbox 1146 1509 1314 1588; x_wconf 80' lang='grc' dir='ltr'><strong><em>Βροῦτον,</em></strong></span> 
     </span>
     <span class='ocr_line' id='line_1_9' title="bbox 360 1621 1314 1711; baseline -0.001 -15"><span class='ocrx_word' id='word_1_52' title='bbox 360 1637 465 1696; x_wconf 79' lang='grc' dir='ltr'><strong><em>Γάϊον</em></strong></span> <span class='ocrx_word' id='word_1_53' title='bbox 507 1630 674 1694; x_wconf 72' lang='grc' dir='ltr'><strong><em>Σικίννιον</em></strong></span> <span class='ocrx_word' id='word_1_54' title='bbox 717 1623 919 1699; x_wconf 74' lang='grc' dir='ltr'><strong><em>Βελλοῦτον,</em></strong></span> <span class='ocrx_word' id='word_1_55' title='bbox 965 1621 1105 1711; x_wconf 87' lang='lat' dir='ltr'><strong>itemque</strong></span> <span class='ocrx_word' id='word_1_56' title='bbox 1154 1623 1314 1695; x_wconf 76' lang='lat' dir='ltr'><strong>Plutarch.</strong></span> 
     </span>
     <span class='ocr_line' id='line_1_10' title="bbox 360 1741 1316 1830; baseline 0.002 -17"><span class='ocrx_word' id='word_1_57' title='bbox 360 1754 421 1814; x_wconf 80' lang='lat' dir='ltr'><strong>uit.</strong></span> <span class='ocrx_word' id='word_1_58' title='bbox 450 1746 579 1814; x_wconf 79' lang='lat' dir='ltr'><strong>Coriol.</strong></span> <span class='ocrx_word' id='word_1_59' title='bbox 614 1766 643 1811; x_wconf 85' lang='lat' dir='ltr'><strong>e.</strong></span> <span class='ocrx_word' id='word_1_60' title='bbox 680 1742 859 1820; x_wconf 73' lang='lat' dir='ltr'><strong>viluit,</strong></span> <span class='ocrx_word' id='word_1_61' title='bbox 901 1741 1038 1830; x_wconf 84' lang='lat' dir='ltr'><strong>denique</strong></span> <span class='ocrx_word' id='word_1_62' title='bbox 1069 1743 1201 1824; x_wconf 85' lang='lat' dir='ltr'><strong>Suidus,</strong></span> <span class='ocrx_word' id='word_1_63' title='bbox 1239 1770 1316 1815; x_wconf 80' lang='lat' dir='ltr'><strong>roeo</strong></span> 
     </span>
     <span class='ocr_line' id='line_1_11' title="bbox 361 1862 1315 1957; baseline 0.002 -25"><span class='ocrx_word' id='word_1_64' title='bbox 361 1875 534 1953; x_wconf 78' lang='grc' dir='ltr'><strong><em>Δήμαρχοι.</em></strong></span> <span class='ocrx_word' id='word_1_65' title='bbox 581 1867 778 1953; x_wconf 77' lang='lat' dir='ltr'><strong>Quapropter</strong></span> <span class='ocrx_word' id='word_1_66' title='bbox 798 1862 892 1928; x_wconf 84' lang='lat' dir='ltr'><strong>etium</strong></span> <span class='ocrx_word' id='word_1_67' title='bbox 914 1863 1063 1929; x_wconf 79' lang='lat' dir='ltr'><strong>mutando</strong></span> <span class='ocrx_word' id='word_1_68' title='bbox 1082 1866 1208 1930; x_wconf 84' lang='lat' dir='ltr'><strong>norninu</strong></span> <span class='ocrx_word' id='word_1_69' title='bbox 1230 1869 1315 1957; x_wconf 83' lang='lat' dir='ltr'><strong>opud</strong></span> 
     </span>
     <span class='ocr_line' id='line_1_12' title="bbox 361 1981 1316 2073; baseline 0.002 -20"><span class='ocrx_word' id='word_1_70' title='bbox 361 1988 528 2056; x_wconf 75' lang='lat' dir='ltr'><strong>Ausonium</strong></span> <span class='ocrx_word' id='word_1_71' title='bbox 560 1985 693 2052; x_wconf 86' lang='lat' dir='ltr'><strong>censuit.</strong></span> <span class='ocrx_word' id='word_1_72' title='bbox 741 1984 833 2048; x_wconf 79' lang='lat' dir='ltr'><strong>Plura</strong></span> <span class='ocrx_word' id='word_1_73' title='bbox 864 1983 903 2048; x_wconf 89' lang='lat' dir='ltr'><strong>de</strong></span> <span class='ocrx_word' id='word_1_74' title='bbox 936 1981 995 2050; x_wconf 84' lang='lat' dir='ltr'><strong>hoo</strong></span> <span class='ocrx_word' id='word_1_75' title='bbox 1025 1986 1207 2073; x_wconf 78' lang='lat' dir='ltr'><strong>quaestione</strong></span> <span class='ocrx_word' id='word_1_76' title='bbox 1238 2010 1316 2054; x_wconf 89' lang='lat' dir='ltr'><strong>oon-</strong></span> 
     </span>
     <span class='ocr_line' id='line_1_13' title="bbox 359 2104 1159 2201; baseline -0.005 -24"><span class='ocrx_word' id='word_1_77' title='bbox 359 2125 443 2201; x_wconf 72' lang='lat' dir='ltr'><strong>gestu</strong></span> <span class='ocrx_word' id='word_1_78' title='bbox 465 2110 536 2175; x_wconf 87' lang='lat' dir='ltr'><strong>vide</strong></span> <span class='ocrx_word' id='word_1_79' title='bbox 556 2134 575 2175; x_wconf 80' lang='lat' dir='ltr'><strong>a</strong></span> <span class='ocrx_word' id='word_1_80' title='bbox 596 2109 753 2176; x_wconf 81' lang='lat' dir='ltr'><strong>Drakenb.</strong></span> <span class='ocrx_word' id='word_1_81' title='bbox 779 2106 816 2171; x_wconf 83' lang='lat' dir='ltr'><strong>ad</strong></span> <span class='ocrx_word' id='word_1_82' title='bbox 841 2106 943 2170; x_wconf 87' lang='lat' dir='ltr'><strong>locum</strong></span> <span class='ocrx_word' id='word_1_83' title='bbox 969 2105 1052 2171; x_wconf 85' lang='lat' dir='ltr'><strong>Livii</strong></span> <span class='ocrx_word' id='word_1_84' title='bbox 1074 2104 1159 2173; x_wconf 83' lang='lat' dir='ltr'><strong>laud.</strong></span> 
     </span>
    </p>

    <p class='ocr_par' dir='ltr' id='par_1_5' title="bbox 354 2227 1323 3151">
     <span class='ocr_line' id='line_1_14' title="bbox 404 2227 1314 2298; baseline -0.014 0"><span class='ocrx_word' id='word_1_85' title='bbox 404 2233 460 2298; x_wconf 78' lang='lat' dir='ltr'><strong>lv.</strong></span> <span class='ocrx_word' id='word_1_86' title='bbox 490 2231 706 2298; x_wconf 81' lang='lat' dir='ltr'><strong>Coriolanum</strong></span> <span class='ocrx_word' id='word_1_87' title='bbox 733 2234 871 2290; x_wconf 84' lang='lat' dir='ltr'><strong>mortem</strong></span> <span class='ocrx_word' id='word_1_88' title='bbox 894 2227 961 2290; x_wconf 82' lang='lat' dir='ltr'><strong>sibi</strong></span> <span class='ocrx_word' id='word_1_89' title='bbox 987 2247 1105 2290; x_wconf 79' lang='lat' dir='ltr'><strong>veneno</strong></span> <span class='ocrx_word' id='word_1_90' title='bbox 1139 2248 1204 2290; x_wconf 84' lang='lat' dir='ltr'><strong>nou</strong></span> <span class='ocrx_word' id='word_1_91' title='bbox 1237 2253 1314 2294; x_wconf 85' lang='lat' dir='ltr'><strong>aon.</strong></span> 
     </span>
     <span class='ocr_line' id='line_1_15' title="bbox 359 2351 1323 2445; baseline 0 -23"><span class='ocrx_word' id='word_1_92' title='bbox 359 2360 509 2422; x_wconf 74' lang='lat' dir='ltr'><strong>animose.</strong></span> <span class='ocrx_word' id='word_1_93' title='bbox 560 2351 642 2441; x_wconf 83' lang='lat' dir='ltr'><strong>[Cic.</strong></span> <span class='ocrx_word' id='word_1_94' title='bbox 672 2352 773 2419; x_wconf 81' lang='lat' dir='ltr'><strong>Brut.</strong></span> <span class='ocrx_word' id='word_1_95' title='bbox 802 2374 830 2419; x_wconf 87' lang='lat' dir='ltr'><strong>c.</strong></span> <span class='ocrx_word' id='word_1_96' title='bbox 855 2353 896 2420; x_wconf 90' lang='lat' dir='ltr'><strong>X.</strong></span> <span class='ocrx_word' id='word_1_97' title='bbox 929 2356 1036 2440; x_wconf 77' lang='lat'><strong>§423</strong></span> <span class='ocrx_word' id='word_1_98' title='bbox 1063 2377 1095 2423; x_wconf 78' lang='lat' dir='ltr'><strong>a.</strong></span> <span class='ocrx_word' id='word_1_99' title='bbox 1116 2355 1175 2427; x_wconf 83' lang='lat' dir='ltr'><strong>XI.</strong></span> <span class='ocrx_word' id='word_1_100' title='bbox 1198 2363 1217 2445; x_wconf 83' lang='lat'>§</span> <span class='ocrx_word' id='word_1_101' title='bbox 1243 2357 1323 2445; x_wconf 83' lang='lat'><strong>43.]·</strong></span> 
     </span>
     <span class='ocr_line' id='line_1_16' title="bbox 359 2477 1315 2548; baseline 0.003 -2"><span class='ocrx_word' id='word_1_102' title='bbox 359 2479 464 2546; x_wconf 86' lang='lat' dir='ltr'><strong>Livius</strong></span> <span class='ocrx_word' id='word_1_103' title='bbox 496 2479 567 2546; x_wconf 86' lang='lat' dir='ltr'><strong>Lib.</strong></span> <span class='ocrx_word' id='word_1_104' title='bbox 603 2477 647 2546; x_wconf 84' lang='lat' dir='ltr'><strong>li.</strong></span> <span class='ocrx_word' id='word_1_105' title='bbox 682 2501 711 2545; x_wconf 85' lang='lat' dir='ltr'><strong>c.</strong></span> <span class='ocrx_word' id='word_1_106' title='bbox 750 2481 792 2542; x_wconf 88' lang='lat'><strong>40</strong></span> <span class='ocrx_word' id='word_1_107' title='bbox 824 2478 881 2542; x_wconf 91' lang='lat' dir='ltr'><strong>sub</strong></span> <span class='ocrx_word' id='word_1_108' title='bbox 911 2478 966 2544; x_wconf 90' lang='lat' dir='ltr'><strong>fin.</strong></span> <span class='ocrx_word' id='word_1_109' title='bbox 999 2477 1073 2542; x_wconf 81' lang='lat' dir='ltr'><strong>ulios</strong></span> <span class='ocrx_word' id='word_1_110' title='bbox 1113 2477 1315 2548; x_wconf 78' lang='lat' dir='ltr'><strong>Coriolanum</strong></span> 
     </span>
     <span class='ocr_line' id='line_1_17' title="bbox 358 2597 1315 2688; baseline 0.006 -24"><span class='ocrx_word' id='word_1_111' title='bbox 358 2600 477 2665; x_wconf 73' lang='lat' dir='ltr'><strong>inridit</strong></span> <span class='ocrx_word' id='word_1_112' title='bbox 504 2620 684 2688; x_wconf 86' lang='lat' dir='ltr'><strong>oppressum</strong></span> <span class='ocrx_word' id='word_1_113' title='bbox 724 2597 868 2686; x_wconf 89' lang='lat' dir='ltr'><strong>periisse,</strong></span> <span class='ocrx_word' id='word_1_114' title='bbox 902 2597 977 2663; x_wconf 81' lang='lat' dir='ltr'><strong>ulios</strong></span> <span class='ocrx_word' id='word_1_115' title='bbox 1010 2597 1070 2662; x_wconf 85' lang='lat' dir='ltr'><strong>ulio</strong></span> <span class='ocrx_word' id='word_1_116' title='bbox 1100 2599 1163 2665; x_wconf 85' lang='lat' dir='ltr'><strong>leto</strong></span> <span class='ocrx_word' id='word_1_117' title='bbox 1193 2602 1315 2670; x_wconf 82' lang='lat' dir='ltr'><strong>trudere</strong></span> 
     </span>
     <span class='ocr_line' id='line_1_18' title="bbox 360 2718 1314 2812; baseline 0.003 -27"><span class='ocrx_word' id='word_1_118' title='bbox 360 2733 475 2787; x_wconf 82' lang='lat' dir='ltr'><strong>nnrrnt.</strong></span> <span class='ocrx_word' id='word_1_119' title='bbox 525 2742 545 2780; x_wconf 89' lang='lat'>«</span> <span class='ocrx_word' id='word_1_120' title='bbox 572 2718 665 2807; x_wconf 79' lang='lat' dir='ltr'><strong>Apud</strong></span> <span class='ocrx_word' id='word_1_121' title='bbox 686 2719 872 2798; x_wconf 81' lang='lat' dir='ltr'><strong>Fabium»,</strong></span> <span class='ocrx_word' id='word_1_122' title='bbox 908 2720 1034 2809; x_wconf 90' lang='lat' dir='ltr'><strong>inquit,</strong></span> <span class='ocrx_word' id='word_1_123' title='bbox 1066 2722 1201 2812; x_wconf 82' lang='lat' dir='ltr'><strong>«longe</strong></span> <span class='ocrx_word' id='word_1_124' title='bbox 1232 2726 1314 2790; x_wconf 87' lang='lat' dir='ltr'><strong>enti·</strong></span> 
     </span>
     <span class='ocr_line' id='line_1_19' title="bbox 359 2841 1314 2933; baseline 0.003 -25"><span class='ocrx_word' id='word_1_125' title='bbox 359 2844 541 2933; x_wconf 82' lang='lat' dir='ltr'><strong>quissimurn</strong></span> <span class='ocrx_word' id='word_1_126' title='bbox 573 2853 751 2919; x_wconf 80' lang='lat' dir='ltr'><strong>auctorem,</strong></span> <span class='ocrx_word' id='word_1_127' title='bbox 790 2863 886 2930; x_wconf 90' lang='lat' dir='ltr'><strong>usque</strong></span> <span class='ocrx_word' id='word_1_128' title='bbox 915 2841 954 2905; x_wconf 82' lang='lat' dir='ltr'><strong>ed</strong></span> <span class='ocrx_word' id='word_1_129' title='bbox 984 2855 1176 2910; x_wconf 74' lang='lat' dir='ltr'><strong>senectutem</strong></span> <span class='ocrx_word' id='word_1_130' title='bbox 1208 2845 1314 2912; x_wconf 79' lang='lat' dir='ltr'><strong>vixisse</strong></span> 
     </span>
     <span class='ocr_line' id='line_1_20' title="bbox 357 2963 1314 3054; baseline 0.01 -26"><span class='ocrx_word' id='word_1_131' title='bbox 357 2963 491 3031; x_wconf 84' lang='lat' dir='ltr'><strong>eundern</strong></span> <span class='ocrx_word' id='word_1_132' title='bbox 510 2963 646 3027; x_wconf 82' lang='lat' dir='ltr'><strong>invenio.</strong></span> <span class='ocrx_word' id='word_1_133' title='bbox 670 2985 690 3024; x_wconf 75' lang='lat' dir='ltr'><strong>&gt;r</strong></span> <span class='ocrx_word' id='word_1_134' title='bbox 737 2963 778 3026; x_wconf 81' lang='lat' dir='ltr'><strong>Et</strong></span> <span class='ocrx_word' id='word_1_135' title='bbox 805 2963 847 3029; x_wconf 84' lang='lat' dir='ltr'><strong>ite</strong></span> <span class='ocrx_word' id='word_1_136' title='bbox 879 2987 1004 3054; x_wconf 87' lang='lat' dir='ltr'><strong>quoque</strong></span> <span class='ocrx_word' id='word_1_137' title='bbox 1033 2970 1158 3034; x_wconf 80' lang='lat' dir='ltr'><strong>sensisse</strong></span> <span class='ocrx_word' id='word_1_138' title='bbox 1190 2972 1314 3038; x_wconf 77' lang='lat' dir='ltr'><strong>unicus</strong></span> 
     </span>
     <span class='ocr_line' id='line_1_21' title="bbox 354 3083 488 3151; baseline 0.015 -3"><span class='ocrx_word' id='word_1_139' title='bbox 354 3083 488 3151; x_wconf 87' lang='lat' dir='ltr'><strong>videtur.</strong></span> 
     </span>
    </p>

    <p class='ocr_par' dir='ltr' id='par_1_6' title="bbox 401 3206 1314 3296">
     <span class='ocr_line' id='line_1_22' title="bbox 401 3206 1314 3296; baseline 0.013 -28"><span class='ocrx_word' id='word_1_140' title='bbox 401 3206 440 3271; x_wconf 81' lang='lat' dir='ltr'><strong>V.</strong></span> <span class='ocrx_word' id='word_1_141' title='bbox 467 3206 600 3270; x_wconf 81' lang='lat' dir='ltr'><strong>Lz&#39;m&#39;um</strong></span> <span class='ocrx_word' id='word_1_142' title='bbox 614 3211 765 3296; x_wconf 78' lang='lat' dir='ltr'><strong>primum</strong></span> <span class='ocrx_word' id='word_1_143' title='bbox 776 3209 958 3292; x_wconf 83' lang='lat' dir='ltr'><strong>fabulam,</strong></span> <span class='ocrx_word' id='word_1_144' title='bbox 998 3213 1035 3281; x_wconf 80' lang='lat' dir='ltr'><strong>G.</strong></span> <span class='ocrx_word' id='word_1_145' title='bbox 1068 3215 1187 3282; x_wconf 74' lang='lat' dir='ltr'><strong>Clodio</strong></span> <span class='ocrx_word' id='word_1_146' title='bbox 1214 3216 1314 3286; x_wconf 78' lang='lat' dir='ltr'><strong>Gaeor</strong></span> 
     </span>
    </p>

    <p class='ocr_par' dir='ltr' id='par_1_7' title="bbox 322 3329 1315 4170">
     <span class='ocr_line' id='line_1_23' title="bbox 322 3329 1315 3418; baseline 0.007 -25"><span class='ocrx_word' id='word_1_147' title='bbox 322 3377 329 3392; x_wconf 84' lang='lat'>.</span> <span class='ocrx_word' id='word_1_148' title='bbox 346 3331 429 3416; x_wconf 84' lang='lat' dir='ltr'><strong>filio</strong></span> <span class='ocrx_word' id='word_1_149' title='bbox 458 3339 489 3393; x_wconf 90' lang='lat' dir='ltr'><strong>et</strong></span> <span class='ocrx_word' id='word_1_150' title='bbox 509 3329 562 3395; x_wconf 92' lang='lat' dir='ltr'><strong>M.</strong></span> <span class='ocrx_word' id='word_1_151' title='bbox 586 3329 755 3395; x_wconf 80' lang='lat' dir='ltr'><strong>Tuditano</strong></span> <span class='ocrx_word' id='word_1_152' title='bbox 777 3329 996 3412; x_wconf 64' lang='lat' dir='ltr'><strong>Consultone,</strong></span> <span class='ocrx_word' id='word_1_153' title='bbox 1021 3336 1192 3418; x_wconf 80' lang='lat' dir='ltr'><strong>docuisse,</strong></span> <span class='ocrx_word' id='word_1_154' title='bbox 1226 3359 1315 3401; x_wconf 74' lang='lat' dir='ltr'><strong>aureo</strong></span> 
     </span>
     <span class='ocr_line' id='line_1_24' title="bbox 355 3455 1314 3546; baseline 0.01 -34"><span class='ocrx_word' id='word_1_155' title='bbox 355 3455 447 3537; x_wconf 82' lang='lat' dir='ltr'><strong>ipso,</strong></span> <span class='ocrx_word' id='word_1_156' title='bbox 472 3459 645 3536; x_wconf 66' lang='lat' dir='ltr'><strong>autequam</strong></span> <span class='ocrx_word' id='word_1_157' title='bbox 673 3459 774 3518; x_wconf 72' lang='lat' dir='ltr'><strong>oratus</strong></span> <span class='ocrx_word' id='word_1_158' title='bbox 802 3465 852 3518; x_wconf 79' lang='lat' dir='ltr'><strong>est</strong></span> <span class='ocrx_word' id='word_1_159' title='bbox 873 3455 1032 3534; x_wconf 77' lang='lat' dir='ltr'><strong>Ennius,·</strong></span> <span class='ocrx_word' id='word_1_160' title='bbox 1061 3468 1143 3546; x_wconf 83' lang='lat' dir='ltr'><strong>post</strong></span> <span class='ocrx_word' id='word_1_161' title='bbox 1174 3459 1314 3524; x_wconf 82' lang='lat' dir='ltr'><strong>Romam</strong></span> 
     </span>
     <span class='ocr_line' id='line_1_25' title="bbox 355 3573 1313 3668; baseline 0.009 -31"><span class='ocrx_word' id='word_1_162' title='bbox 355 3573 522 3638; x_wconf 79' lang='lat' dir='ltr'><strong>conditam</strong></span> <span class='ocrx_word' id='word_1_163' title='bbox 552 3585 661 3638; x_wconf 70' lang='lat' dir='ltr'><strong>atatem</strong></span> <span class='ocrx_word' id='word_1_164' title='bbox 704 3577 949 3660; x_wconf 80' lang='lat' dir='ltr'><strong>quartodecimo</strong></span> <span class='ocrx_word' id='word_1_165' title='bbox 981 3588 1013 3642; x_wconf 78' lang='lat' dir='ltr'><strong>et</strong></span> <span class='ocrx_word' id='word_1_166' title='bbox 1042 3584 1313 3668; x_wconf 73' lang='lat' dir='ltr'><strong>quingentesimo.</strong></span> 
     </span>
     <span class='ocr_line' id='line_1_26' title="bbox 358 3693 1315 3785; baseline 0.003 -25"><span class='ocrx_word' id='word_1_167' title='bbox 358 3693 440 3781; x_wconf 80' lang='lat' dir='ltr'><strong>[cie.</strong></span> <span class='ocrx_word' id='word_1_168' title='bbox 465 3695 488 3762; x_wconf 86' lang='lat'><strong>1.</strong></span> <span class='ocrx_word' id='word_1_169' title='bbox 505 3695 529 3762; x_wconf 91' lang='lat' dir='ltr'><strong>l.</strong></span> <span class='ocrx_word' id='word_1_170' title='bbox 563 3719 591 3763; x_wconf 83' lang='lat' dir='ltr'><strong>o.</strong></span> <span class='ocrx_word' id='word_1_171' title='bbox 626 3695 745 3765; x_wconf 79' lang='lat' dir='ltr'>XVIII.</span> <span class='ocrx_word' id='word_1_172' title='bbox 777 3703 794 3784; x_wconf 83' lang='lat'>§</span> <span class='ocrx_word' id='word_1_173' title='bbox 824 3699 893 3785; x_wconf 86' lang='lat'><strong>72.]</strong></span> <span class='ocrx_word' id='word_1_174' title='bbox 951 3699 1049 3764; x_wconf 77' lang='lat' dir='ltr'><strong>Addit</strong></span> <span class='ocrx_word' id='word_1_175' title='bbox 1081 3698 1191 3764; x_wconf 80' lang='lat' dir='ltr'><strong>Cicero</strong></span> <span class='ocrx_word' id='word_1_176' title='bbox 1216 3701 1315 3765; x_wconf 84' lang='lat' dir='ltr'><strong>Attici</strong></span> 
     </span>
     <span class='ocr_line' id='line_1_27' title="bbox 353 3819 1314 3910; baseline 0.004 -29"><span class='ocrx_word' id='word_1_177' title='bbox 353 3820 538 3885; x_wconf 84' lang='lat' dir='ltr'><strong>sententium</strong></span> <span class='ocrx_word' id='word_1_178' title='bbox 559 3820 738 3885; x_wconf 80' lang='lat' dir='ltr'><strong>confirmari</strong></span> <span class='ocrx_word' id='word_1_179' title='bbox 760 3820 895 3910; x_wconf 79' lang='lat' dir='ltr'><strong>antiquis</strong></span> <span class='ocrx_word' id='word_1_180' title='bbox 917 3821 1170 3900; x_wconf 77' lang='lat' dir='ltr'><strong>commentariis,</strong></span> <span class='ocrx_word' id='word_1_181' title='bbox 1195 3832 1225 3883; x_wconf 87' lang='lat' dir='ltr'><strong>et</strong></span> <span class='ocrx_word' id='word_1_182' title='bbox 1239 3819 1314 3885; x_wconf 89' lang='lat' dir='ltr'><strong>Gel-</strong></span> 
     </span>
     <span class='ocr_line' id='line_1_28' title="bbox 353 3937 1314 4025; baseline 0.005 -25"><span class='ocrx_word' id='word_1_183' title='bbox 353 3937 414 4004; x_wconf 86' lang='lat' dir='ltr'><strong>lius</strong></span> <span class='ocrx_word' id='word_1_184' title='bbox 431 3939 476 4007; x_wconf 86' lang='grc' dir='ltr'><strong>Ν.</strong></span> <span class='ocrx_word' id='word_1_185' title='bbox 497 3939 541 4006; x_wconf 77' lang='lat' dir='ltr'><strong>A.</strong></span> <span class='ocrx_word' id='word_1_186' title='bbox 564 3939 636 4007; x_wconf 87' lang='lat' dir='ltr'><strong>Lib.</strong></span> <span class='ocrx_word' id='word_1_187' title='bbox 652 3937 769 4024; x_wconf 63' lang='lat' dir='ltr'><strong>„xvln</strong></span> <span class='ocrx_word' id='word_1_188' title='bbox 806 3964 835 4008; x_wconf 90' lang='lat' dir='ltr'><strong>c.</strong></span> <span class='ocrx_word' id='word_1_189' title='bbox 868 3943 924 4008; x_wconf 87' lang='lat'><strong>21.</strong></span> <span class='ocrx_word' id='word_1_190' title='bbox 958 3943 1042 4025; x_wconf 83' lang='lat'><strong>§32</strong></span> <span class='ocrx_word' id='word_1_191' title='bbox 1074 3941 1191 4017; x_wconf 81' lang='lat' dir='ltr'><strong>refert,</strong></span> <span class='ocrx_word' id='word_1_192' title='bbox 1229 3939 1314 4005; x_wconf 86' lang='lat' dir='ltr'><strong>idern</strong></span> 
     </span>
     <span class='ocr_line' id='line_1_29' title="bbox 352 4057 1314 4170; baseline -0.002 -43"><span class='ocrx_word' id='word_1_193' title='bbox 352 4063 505 4153; x_wconf 89' lang='lat' dir='ltr'><strong>seriptum</strong></span> <span class='ocrx_word' id='word_1_194' title='bbox 527 4063 620 4128; x_wconf 82' lang='lat' dir='ltr'><strong>fuisse</strong></span> <span class='ocrx_word' id='word_1_195' title='bbox 641 4088 657 4127; x_wconf 86' lang='lat' dir='ltr'><strong>u</strong></span> <span class='ocrx_word' id='word_1_196' title='bbox 680 4065 725 4130; x_wconf 87' lang='grc' dir='ltr'><strong>Μ.</strong></span> <span class='ocrx_word' id='word_1_197' title='bbox 741 4062 882 4170; x_wconf 62' lang='lat' dir='ltr'><strong>Xorrone</strong></span> <span class='ocrx_word' id='word_1_198' title='bbox 903 4062 973 4128; x_wconf 88' lang='lat' dir='ltr'><strong>Lib.</strong></span> <span class='ocrx_word' id='word_1_199' title='bbox 997 4064 1024 4132; x_wconf 87' lang='lat'><strong>1.</strong></span> <span class='ocrx_word' id='word_1_200' title='bbox 1046 4063 1086 4127; x_wconf 81' lang='lat' dir='ltr'><strong>de</strong></span> <span class='ocrx_word' id='word_1_201' title='bbox 1107 4063 1238 4130; x_wconf 69' lang='lat' dir='ltr'><strong>Poetis.</strong></span> <span class='ocrx_word' id='word_1_202' title='bbox 1261 4057 1314 4125; x_wconf 81' lang='lat' dir='ltr'><strong>Cf.</strong></span> 
     </span>
    </p>
   </div>
   <div class='ocr_carea' id='block_1_5' title="bbox 0 0 1526 5140">
    <p class='ocr_par' dir='ltr' id='par_1_8' title="bbox 0 0 1526 5140">
     <span class='ocr_line' id='line_1_30' title="bbox 0 0 1526 5140; baseline 0 0"><span class='ocrx_word' id='word_1_203' title='bbox 0 0 1526 5140; x_wconf 95' lang='lat' dir='ltr'><strong> </strong></span> 
     </span>
    </p>
   </div>
  </div>
 </body>
</html>
