3042 5140
742 471 804 538 190

300 651 462 720 habilitate
497 652 625 740 quiden
663 649 741 718 haec
780 649 950 716 doctissimi
986 651 1053 716 viri
1085 655 1255 741 conjectu·
1330 694 1335 702 ·

297 799 330 842 ra
371 773 456 841 haud
488 787 592 858 caret,
627 773 783 864 siquidem
815 785 955 854 constat,
985 773 1250 863 Vespasianorum

300 907 441 984 tempore
471 893 567 961 urrici
597 895 714 962 librum
737 919 799 961 non
822 896 914 984 plane
936 895 969 960 ia
992 895 1181 964 oblivionem
1202 902 1254 966 in·

297 1015 431 1096 cidisse,
472 1016 591 1106 quippe
621 1013 729 1082 Solino
756 1015 850 1082 etiam
874 1016 1078 1105 cognitum¹.
1127 1019 1250 1087 Pariter
1279 1036 1283 1043 '

297 1140 380 1232 ratio
409 1139 571 1228 utriusque
597 1137 700 1226 operis
730 1139 841 1226 magnai
870 1161 906 1202 er
935 1150 1022 1228 parte
1044 1139 1153 1204 eadem
1176 1141 1251 1210 fuit.

296 1255 358 1324 uod
392 1257 442 1324 rel
469 1260 657 1338 uelamen,
683 1259 707 1322 si
735 1271 818 1324 certa
840 1256 966 1324 aliunde
985 1259 1171 1327 documenta
1193 1263 1253 1329 de·

295 1379 423 1460 ficiunt,
459 1379 641 1446 temeritatis
668 1392 712 1446 cst
743 1380 821 1446 certi
852 1377 972 1467 aliquid
1004 1378 1252 1448 esimilitudine

297 1502 525 1571 illa'statucre.
584 1502 666 1568 Nam
689 1501 874 1590 paucissima
893 1516 1031 1565 veterum
1050 1499 1252 1584 testimonia,

297 1647 377 1715 quae
397 1623 501 1713 colligi
521 1623 597 1689 hinc
618 1623 707 1690 illinc
721 1636 872 1714 possunt,
896 1645 959 1687 non
981 1623 1059 1688 tanti
1076 1638 1147 1692 sunt
1169 1647 1252 1712 pou·

236 1833 239 1842 ¹
295 1749 395 1829 deris,
426 1761 462 1814 ut
494 1749 640 1837 agitatam
664 1745 876 1837 quaestionem
897 1744 1060 1812 dirimant.
1107 1743 1251 1832 Quapro-

295 1881 365 1958 pter
392 1868 519 1934 mittere
536 1868 614 1936 hacc
635 1869 790 1936 malumus
811 1880 842 1933 et
862 1867 901 1968 ad
921 1878 1023 1932 cetera
1048 1849 1146 1933 Attici
1168 1888 1249 1956 opu-

293 1993 378 2059 scula
401 1992 584 2082 transgredi.

338 2111 608 2197 Quemadmodum
626 2111 758 2178 Annali
767 2135 841 2190 suo,
861 2107 1103 2199 praeterpopuli
1114 2107 1245 2172 Romani

292 2256 339 2298 res
366 2244 485 2319 gestas,
508 2231 643 2296 familias
665 2231 761 2316 etiam
784 2253 956 2320 earumque
977 2230 1129 2320 originem
1147 2229 1247 2316 expli·

291 2364 419 2429 cuerat,
456 2353 500 2419 ita
529 2351 590 2418 ltoc
621 2364 839 2441 argumentum
872 2351 911 2416 de
939 2351 1091 2418 industria
1121 2351 1154 2414 in
1177 2347 1247 2416 aliis

290 2473 378 2537 libris
398 2474 561 2561 separatim
585 2487 629 2539 est
640 2489 839 2564 persecutus,
865 2496 999 2564 quorum
1012 2473 1222 2542 characterem
1236 2524 1245 2553 ,

291 2617 384 2684 quem
423 2607 555 2675 vocant,
604 2595 772 2684 laudesque
804 2619 821 2660 e
854 2595 977 2686 Nepote
1011 2595 1243 2684 cognoscimus,

289 2718 333 2783 sic
359 2718 524 2785 tradente:
563 2719 639 2786 «Μ.
672 2719 763 2782 Bruti
787 2731 895 2806 rogatu
918 2718 1049 2785 Juuiam
1070 2715 1244 2795 familiam,

288 2861 304 2902 a
326 2838 423 2926 stirpe
443 2838 482 2902 ad
503 2835 584 2901 hanc
606 2849 766 2916 aetatem,
801 2837 910 2904 ordine
932 2837 1148 2916 enumerarit,
1182 2859 1244 2902 no-

204 2985 207 2992 ·
287 2971 375 3036 tans,
411 2958 488 3048 qui,
521 2980 537 3020 a
574 2980 637 3047 quo
674 2971 777 3037 ortus,
809 2980 886 3048 quos
915 2957 1048 3024 honores
1069 2957 1244 3048 quibusque

287 3078 480 3167 temporibus
499 3077 630 3170 cepisset
652 3081 682 3142 ².
731 3078 802 3142 Pari
823 3077 917 3142 modo
938 3077 1077 3145 Marcelli
1099 3076 1243 3155 Claudii,

285 3255 326 3318 is,
358 3253 408 3320 qui
441 3250 616 3320 Vespasianis
646 3250 719 3305 Coss.
749 3252 842 3305 Festos
869 3253 1028 3317 ordinavit,
1060 3253 1145 3306 artior
1164 3269 1243 3320 opere

284 3336 350 3416 nti,
368 3353 403 3402 ad
428 3370 511 3418 quam
534 3358 650 3403 aetatem
672 3351 718 3402 hic
738 3350 890 3404 historiam
900 3353 1075 3420 reipublicae
1086 3352 1141 3406 fuir
1151 3369 1244 3424 perae·

282 3456 362 3499 cutus
373 3485 384 3513 ‚
404 3449 511 3514 reliqna
533 3466 597 3501 vcro
620 3449 733 3501 aliunde
753 3451 956 3515 conglutinare·

231 3593 241 3608 ,
323 3547 334 3580 ¹
372 3550 433 3601 Post
447 3547 629 3617 Vespasianos
650 3552 789 3617 scripsisse
809 3552 954 3620 solinum,
975 3556 1050 3606 testis
1064 3561 1137 3606 estc.
1153 3551 1242 3614 xxix.

281 3646 346 3700 Vid.
359 3649 472 3703 Salmas.
491 3669 518 3718 p.
540 3651 588 3706 271
607 3651 737 3718 idemque
757 3649 786 3702 iu
804 3652 923 3718 Prolegg.
942 3671 969 3718 p·
983 3653 998 3708 2
1010 3670 1051 3722 sq.

318 3750 330 3784 ¹
370 3749 469 3814 colligi
499 3759 587 3820 potest
616 3770 630 3803 e
658 3753 717 3804 Lib.
741 3751 816 3805 Xlll.
843 3753 876 3802 ad
908 3751 960 3804 Au·
990 3754 1039 3822 Ep.
1064 3751 1145 3822 40.§
1189 3753 1243 3818 ,si

280 3848 393 3913 quidem
420 3847 496 3902 locus
524 3868 604 3903 sanus
637 3861 693 3918 est,
726 3854 848 3902 Atticum
881 3855 1027 3919 utriusque
1048 3853 1146 3922 proavi
1162 3853 1242 3904 Bruti

281 3947 435 4014 imagines,
462 3959 517 4002 tam
548 3955 666 4004 morena·
692 3969 774 4020 quam
805 3953 935 4020 paterni,
956 3951 986 4008 C.
1005 3953 1115 4012 Servilii
1139 3953 1243 4006 Ahalae
