3042 5140
677 643 740 706 179

247 820 332 886 roais
355 817 547 886 familiaritas
575 840 665 908 causa
693 841 820 909 quaque
842 821 922 898 luit,
958 834 1013 902 ut,
1050 820 1104 885 illo
1137 821 1196 885 im·

248 941 386 1030 pellente
410 951 504 1030 utque
522 953 674 1028 urgente,
701 938 811 1006 Cicero
834 962 996 1029 personam
1028 939 1198 1018 Varronis,

245 1060 305 1150 qui
331 1060 362 1125 id
385 1059 579 1128 desiderabat
599 1060 767 1150 magnique
787 1060 990 1140 aestimabat,
1015 1061 1047 1125 in
1067 1061 1196 1127 alteram
1270 1111 1275 1119 .

243 1204 334 1250 suam
352 1181 629 1250 Academicorum
657 1181 827 1248 editionem
846 1196 878 1248 et
902 1182 1077 1248 includeret
1093 1196 1125 1250 et
1145 1177 1198 1247 to-

245 1317 314 1370 tum
337 1304 366 1368 ei
390 1325 467 1392 opus
497 1302 656 1371 dedicarat
672 1306 700 1369 ¹.
748 1302 859 1368 llidcm
881 1300 1005 1390 dialogo
1015 1302 1082 1392 ipsc
1102 1302 1197 1368 Pom·

245 1425 357 1516 ponius
380 1422 488 1490 tertius
509 1423 570 1488 luit
592 1422 779 1512 adjunctus,
803 1437 837 1488 ut
862 1445 879 1487 c
915 1422 1011 1490 Tullii
1037 1422 1138 1488 rcrhis
1157 1422 1195 1486 li·

244 1551 347 1636 quet²
372 1557 404 1610 et
424 1545 553 1634 primo,
577 1567 671 1634 quem
693 1544 890 1634 superstitem
912 1542 1089 1622 habemus,
1114 1543 1195 1610 libro

243 1669 408 1760 probatur.
432 1691 453 1730 «
467 1668 511 1733 Te
529 1667 741 1750 ἀσμενέστατα
759 1665 935 1742 intexui»,
959 1664 1085 1751 inquit,
1109 1685 1131 1726 r<
1145 1665 1198 1728 lu·

244 1789 391 1878 clamque
428 1787 459 1852 id
490 1786 647 1854 crebrius.
704 1784 855 1851 Proximis
886 1784 969 1848 enim
1006 1783 1066 1848 tuis
1098 1783 1195 1850 literis

161 1993 163 1998 Δ
245 1893 383 1996 primum
413 1920 444 1972 te
464 1907 497 1972 id
520 1929 583 1971 non
606 1905 689 1970 nolle
716 1905 882 1994 cognovi»
898 1909 926 1971 ³.
974 1904 1086 1993 Itaque
1105 1901 1195 1970 Gicc-

244 2050 303 2108 ro,
327 2039 363 2094 ut
373 2026 496 2116 pridem
509 2027 541 2092 in
560 2026 648 2092 libris
669 2028 710 2092 dc
735 2026 1194 2120 LegibuolcccratetBruto‚

243 2148 279 2211 in
297 2161 471 2219 extremum
491 2171 666 2216 sermonem
687 2149 841 2216 librorum
862 2147 904 2214 de
933 2147 1077 2214 Finibus
1084 2197 1094 2228 ,
1119 2170 1197 2237 quos

240 2269 355 2336 eodem
377 2270 432 2336 illo
464 2282 606 2360 tempore
635 2268 807 2336 absolverat
837 2271 903 2336 lere
919 2273 955 2348 ⁴,
989 2241 1089 2336 tritor
1118 2291 1196 2358 per·

239 2406 358 2457 sonam'
376 2392 494 2481 pariter
514 2391 639 2457 inclusit
654 2399 683 2458 ⁵.
733 2389 899 2456 Summum
922 2391 1051 2456 omnino
1070 2391 1103 2455 in
1125 2401 1194 2454 stu-

1106 2493 1121 2518 Ι

242 2543 294 2595 an
320 2551 412 2594 autem
430 2543 518 2596 libnes
537 2544 632 2594 missos
650 2541 685 2592 ad
708 2541 828 2593 Atticum
844 2539 955 2605 tuisse,
974 2545 1159 2605 cognoscimus
1181 2561 1194 2592 c

240 2642 387 2710 Sosipatris
405 2640 525 2696 Charisii
543 2645 608 2694 Isse.
628 2642 732 2695 Granni.
749 2641 813 2696 Lib.
832 2639 858 2695 l.
874 2661 901 2710 p.
922 2644 983 2696 101.

281 2743 291 2776 ¹
327 2727 493 2796 'rrnxrrn
519 2743 689 2811 ..consp
717 2741 1198 2812 ta.§3;tp.13.§1;ttp.16.
1223 2762 1232 2776 ι

237 2841 254 2909 §
281 2844 318 2906 1,
347 2844 378 2909 23
398 2845 449 2910 Ep.
467 2843 510 2895 19.
527 2845 541 2912 §
562 2843 577 2893 3
588 2878 599 2906 ‚
618 2842 658 2894 al.
678 2844 788 2914 llrustra
807 2860 821 2891 a
841 2840 967 2891 Cicerone
984 2842 1090 2890 Atticus
1107 2842 1196 2908 petie·

238 2946 304 3004 rat,
334 2947 365 2990 nt
391 2941 466 2991 idem
498 2939 601 2992 laceret
626 2941 656 2992 in
684 2938 769 2992 tibris
785 2941 815 2992 de
832 2941 915 3012 Καρ..
934 2936 997 2992 Lib.
1016 2936 1066 2992 Π.
1084 2940 1134 3006 Ep.
1153 2943 1197 2994 16.

238 3039 299 3106 §2
324 3039 428 3090 Pariter
460 3046 551 3089 autem
580 3037 690 3103 effecit,
719 3045 750 3089 ut
776 3037 846 3090 libri
874 3041 904 3091 de
921 3039 1027 3091 Finibus
1044 3037 1131 3090 Bruto
1149 3041 1195 3090 in-

235 3139 445 3201 scriberentur,
464 3135 525 3187 Lib.
543 3134 749 3204 X111.Ep.tt.
768 3137 782 3206 5
801 3137 828 3204 4.

276 3227 288 3262 ²
327 3236 389 3289 tin.
410 3235 485 3290 xtrr.
503 3238 537 3287 «c
551 3236 604 3288 Au.
624 3237 672 3303 ap.
694 3238 736 3290 rr.
755 3236 769 3305 s
789 3238 820 3303 23
850 3236 901 3302 ap.
927 3239 968 3288 19.
987 3237 1000 3304 5
1020 3238 1050 3304 3,-
1080 3238 1113 3287 ar
1137 3238 1194 3292 nr».

226 3338 297 3390 Lib.
316 3337 361 3390 lX.
379 3340 432 3405 Ep·
446 3338 473 3391 8.
492 3342 507 3406 4
528 3341 556 3391 l.

277 3429 287 3462 ³
326 3435 388 3489 Lib.
407 3435 473 3488 xltl
502 3439 535 3487 ad
550 3437 604 3495 Are,
622 3439 672 3506 Ep.
690 3439 734 3490 Ὦ.
752 3443 768 3507 t
789 3443 814 3488 1.

276 3534 287 3572 l
326 3535 600 3607 truncata.

214 3613 216 3620 Ι
274 3626 287 3658 ⁵
326 3639 433 3690 l'raetcr
452 3637 520 3691 hacc
537 3657 619 3707 opera
639 3641 775 3693 Ciceronis
794 3650 941 3708 super-sunt
959 3643 1059 3708 nulla,
1082 3646 1110 3695 in
1128 3647 1194 3713 qui-

236 3736 288 3785 bas
315 3742 405 3802 partes
433 3739 541 3808 aliquas
569 3741 675 3791 Atticus
693 3742 818 3792 sustinet.
855 3743 929 3807 Quod
948 3744 1068 3794 enimin
1087 3745 1195 3796 duobus

237 3833 323 3888 codd.
338 3852 437 3888 nomen
455 3837 517 3908 ejus
534 3840 563 3890 in
582 3842 654 3891 Ture.
672 3839 745 3912 Disp.
787 3840 921 3908 seriptum
939 3847 995 3909 est,
1014 3845 1063 3896 ubi
1081 3846 1110 3896 in
1129 3846 1195 3899 aliis

236 3929 339 3994 legitur
363 3935 414 4000 A„
439 3936 468 3985 id
493 3934 564 3987 nibil
590 3939 710 4005 probare
739 3945 810 3988 recte
829 3939 923 3990 docuit
942 3943 1086 4010 Davisius,
1106 3963 1194 4012 qaum

236 4031 270 4082 dc
298 4031 400 4102 juvene
411 4070 421 4098 ,
446 4052 500 4086 non
519 4037 552 4087 de
571 4056 632 4090 senc
650 4055 765 4105 persona
786 4039 961 4101 cogitandum
981 4044 1026 4096 sit.
1047 4040 1090 4096 cf.
1108 4041 1195 4108 Raph.

236 4130 362 4182 Kuelrnct·
381 4135 415 4183 ad
434 4136 505 4188 Tuae.
529 4138 600 4205 Disp.
618 4138 681 4189 Lib.
699 4137 724 4190 l.
748 4157 774 4189 c·
791 4139 818 4188 5.
1079 4211 1099 4265 2

1065 4212 1073 4264 Ι
1102 4214 1114 4242 a
