3042 5146
928 539 970 600 80

462 723 657 778 accusaretur
668 713 708 776 ab
718 733 778 792 eo,
803 714 887 803 qnod
907 735 1019 803 parurn
1039 716 1232 783 constantiae
1246 739 1340 786 „snae
1364 743 1441 789 eon-

460 835 585 904 fideret.
597 834 677 899 Tum
689 833 802 900 Caesar
822 834 868 904 M.
880 833 1028 901 Messalae
1039 847 1070 899 et
1082 835 1142 923 ipsi
1155 803 1261 903 Attico
1271 837 1370 906 dixit
1383 891 1395 922 ,
1407 856 1441 908 nt

428 1017 435 1022 .
461 957 610 1022 sinecura
630 970 751 1025 essents
778 967 947 1046 aperteque
958 956 1140 1023 ostendebat
1152 982 1196 1037 se,
1209 964 1439 1048 praesentium

462 1078 581 1144 animos
625 1077 783 1143 offendere
817 1077 918 1144 nolle:
965 1093 1064 1167 quum
1087 1047 1181 1145 'mare
1220 1082 1437 1160 transissent,

464 1213 645 1265 curaturum
670 1221 726 1282 se,
756 1211 791 1264 nt
828 1198 861 1263 in
889 1198 986 1264 alium
1027 1220 1136 1287 agrum
1177 1200 1436 1269 deducerentur.
1519 1180 1521 1275 l

464 1320 536 1384 Post
553 1318 715 1384 interitum
742 1331 848 1384 antem
874 1317 1033 1398 Caesaris,
1058 1331 1093 1383 ut
1121 1320 1260 1409 primum
1295 1345 1341 1388 ex
1379 1322 1438 1388 Se·

463 1441 696 1506 natusconsnlto
715 1463 820 1530 causas
840 1437 988 1505 Consules
999 1461 1184 1528 cognoscere
1195 1440 1436 1517 instituerunt,

464 1559 541 1624 haec
562 1559 602 1624 ad
619 1581 670 1624 eos
700 1559 804 1624 delata
831 1569 914 1627 sunt.
961 1558 1175 1624 Probaaernnt
1200 1581 1330 1624 oausam
1367 1559 1436 1624 sine

467 1681 529 1750 nlla
552 1679 748 1746 dubitatione
783 1701 879 1769 seque
911 1677 949 1743 ad
983 1678 1133 1746 Plancum
1162 1676 1266 1744 literas
1296 1679 1434 1744 daturos

466 1822 529 1866 esse
551 1801 707 1867 dixerunt.
756 1802 826 1883 Quo
852 1799 959 1879 facto,
985 1797 1096 1866 Cicero
1116 1810 1218 1864 ternas
1249 1798 1364 1865 literas
1393 1799 1432 1862 ad

465 1920 613 1986 Plancum
643 1919 845 2009 perscripsit,
869 1919 983 2008 quibus
1003 1919 1044 1983 ab
1070 1939 1108 1983 eo
1140 1929 1279 2007 peteret,
1317 1934 1359 1986 ut
1384 1919 1432 1984 sni

467 2041 556 2106 causi
577 2038 676 2104 Attici
703 2060 769 2102 rem
792 2037 976 2103 familiarem
1013 2050 1137 2104 curaret
1164 2049 1196 2104 et
1227 2017 1325 2128 quam
1362 2040 1429 2129 pri·

467 2183 555 2225 mum
579 2156 750 2223 Consulum
772 2157 931 2224 decretum
952 2170 1171 2248 exsequeretur
1187 2163 1216 2227 ¹.
1262 2159 1303 2229 L.
1317 2171 1428 2226 tamen

467 2280 642 2359 Antonius,
669 2279 845 2369 Septemair
878 2281 957 2369 agris
989 2280 1194 2361 dividundis,
1225 2280 1429 2371 aliquamdiu

467 2401 607 2481 obstitit,
632 2423 671 2466 ne
700 2403 739 2467 ad
759 2403 906 2468 effectum
928 2402 1005 2467 illud
1039 2403 1200 2469 decretum
1231 2404 1427 2492 perducere·

468 2526 559 2589 tor2.
608 2520 747 2590 Tandem
769 2544 842 2587 aero
863 2544 911 2587 res
933 2524 1188 2612 compositafnit
1200 2573 1209 2604 ,
1234 2537 1265 2589 et
1282 2521 1429 2614 quamvis

466 2665 520 2708 nos
540 2642 656 2724 lateat,
682 2667 742 2734 qna
761 2643 881 2710 ratione
901 2643 934 2708 id
957 2643 1060 2709 locum
1078 2642 1244 2723 habuerit,
1274 2643 1428 2712 affirmari

466 2775 551 2829 certo
572 2763 689 2851 possit,
712 2785 856 2851 magnam
878 2764 1021 2830 Atticum
1035 2761 1096 2828 hoc
1120 2753 1248 2830 nomine
1261 2767 1424 2854 jacturam

467 2887 618 2966 subiisse,
642 2886 821 2975 siqnidem,
846 2899 880 2952 ut
900 2887 1107 2973 conjicimus,
1131 2888 1156 2953 is
1168 2889 1207 2952 ad
1227 2903 1424 2978 postremum

467 3009 609 3074 laborum
626 2981 696 3072 linis
717 3009 802 3088 luit,
827 3020 885 3088 nt,
905 3008 993 3075 salvis
1010 3006 1274 3096 possessionibus,
1299 3007 1424 3076 Atticus

467 3131 642 3220 pecuniae,
678 3151 773 3218 qnam
804 3139 1023 3194 numeraverat
1060 3127 1254 3206 Buthrotiis,
1289 3147 1422 3216 recupe·

466 3252 580 3316 candae
604 3272 735 3316 omnem·
749 3272 835 3338 spem
860 3247 998 3314 amiserit
1013 3253 1042 3316 ³.

502 3402 513 3434 ¹
552 3403 620 3452 Sunt
653 3401 710 3451 Lib.
741 3400 807 3452 XVI.
833 3403 883 3467 Ep.
902 3403 956 3454 -16.
985 3401 1047 3472 App.
1074 3403 1130 3466 A„
1160 3401 1235 3468 unde
1267 3399 1333 3451 hacc
1359 3399 1416 3449 fere

465 3499 558 3549 cannia
582 3498 748 3562 hausimus,
766 3497 828 3569 App.
845 3497 881 3550 B.
898 3505 924 3564 et
946 3499 1012 3570 App.
1030 3501 1060 3551 E.
1079 3498 1201 3566 Scripsit·
1220 3499 1305 3548 eliam
1328 3496 1420 3547 iliceto

465 3596 544 3647 binas
565 3596 661 3648 literas
678 3599 711 3648 de
731 3597 826 3649 eodem
848 3602 954 3663 negotio
976 3601 1011 3650 ad
1029 3602 1057 3652 C.
1075 3599 1254 3666 Capitonem,
1273 3597 1418 3664 quaesunt

467 3694 530 3764 App.
560 3692 590 3747 C.
612 3695 700 3761 etl„
718 3704 746 3747 et
762 3695 881 3760 singulas
904 3696 939 3746 ad
959 3699 988 3752 C.
1009 3697 1189 3764 Cupiennium
1228 3697 1285 3750 sive
1305 3693 1367 3764 App.
1383 3688 1420 3741 D·

503 3785 514 3820 ²
553 3796 613 3847 nro.
641 3795 900 3863 xv.Ep.15.init.

502 3894 513 3928 ³
554 3897 655 3948 Scribit
680 3900 779 3969 ‘Cicero
801 3899 863 3951 Lib.
881 3896 948 3950 XVI.
974 3897 1024 3964 Ep·
1042 3898 1069 3948 3.
1094 3897 1180 3948 init.r
1207 3893 1269 3943 «Tu
1292 3908 1357 3945 vcro
1374 3904 1416 3939 sa-

465 3996 582 4063 pienter.
617 3998 692 4048 Nunc
717 3998 828 4047 domum
846 3996 919 4046 enim
940 3996 1060 4048 rescribo
1081 3997 1115 4047 iia
1137 3994 1229 4046 literis
1241 4029 1249 4058 ,
1268 3982 1415 4057 quaemihi
