3042 5146
770 585 831 649 100

325 787 361 830 co
383 763 463 829 mihi
480 764 610 853 quidem
630 762 704 830 talia
724 786 788 829 esse
810 762 978 842 ridentur,
1016 778 1049 828 ut
1080 764 1170 830 facile
1197 766 1279 833 rito·

325 901 500 977 potatorem
521 897 729 978 prosternant.
775 886 857 954 Nam
879 886 904 951 si
927 885 1083 950 laudatam
1107 887 1279 976 Epistulam

324 1027 520 1104 spectamus,
554 1034 634 1104 quae
676 1013 868 1101 temporibus
908 1010 1123 1098 trepidissimis
1163 1012 1279 1100 scripta

325 1135 418 1202 fuisse
439 1136 606 1215 asseritur,
641 1136 676 1199 ei
696 1133 777 1198 nihil
808 1133 901 1222 plane
931 1144 1038 1198 contra
1068 1133 1276 1220 Pomponium

324 1261 488 1348 probator.
536 1257 615 1323 Data
636 1256 689 1320 illa
713 1253 774 1321 tuit
793 1275 899 1337 mense
914 1254 1013 1320 Junio
1037 1254 1129 1322 rto.
1149 1237 1193 1322 G}
1210 1259 1277 1320 709

325 1376 381 1461 (Ά.
401 1375 437 1444 (i.
458 1377 537 1464 45),
570 1377 677 1466 paucis
707 1375 865 1441 mensibus
887 1360 1107 1464 post'obitum
1133 1373 1277 1453 Tulliae,

324 1521 436 1563 norem
458 1509 529 1562 ante
553 1496 689 1563 Caesaris
709 1519 839 1576 necem,
872 1520 934 1562 nou
968 1499 1012 1562 ita
1034 1498 1125 1588 plane
1152 1511 1278 1588 pertur-

324 1619 404 1683 batis
436 1617 652 1706 temporibus,
687 1630 721 1683 ut
751 1617 812 1682 hoo
842 1617 969 1682 nomine
1001 1641 1032 1718 se
1063 1601 1209 1682 relictum
1237 1621 1278 1684 ab

324 1739 432 1804 amicis
451 1761 514 1804 esse
548 1738 638 1827 queri
671 1735 781 1803 Cicero
813 1749 927 1825 posset.
984 1737 1077 1822 'Quod
1106 1747 1210 1803 autem
1238 1739 1280 1803 ad

324 1863 423 1944 ipsam
446 1862 628 1952 querelam,
664 1861 754 1926 cudat
786 1859 860 1935 ille.
896 1856 959 1924 siie
988 1861 1100 1927 merito
1132 1883 1185 1926 seu
1217 1861 1279 1924 im·

323 1988 460 2066 merito,
495 1986 527 2048 in
550 1998 669 2049 ceteros
702 1980 861 2048 Ciceronis
891 1966 1034 2060 amicos,
1072 1981 1104 2044 in
1138 1980 1278 2047 Atticum

325 2115 388 2169 non
420 2104 514 2172 cadit.
583 2104 765 2193 Repetenda
801 2102 854 2167 illa
886 2116 931 2168 est
973 2127 1009 2170 cr
1039 2103 1136 2168 animi
1170 2104 1278 2171 afflicti

324 2247 488 2304 moerore,
515 2223 570 2313 qui
588 2223 681 2288 facile
698 2247 729 2287 se
750 2222 929 2289 iracundiae
945 2225 1107 2314 conjungit
1126 2237 1157 2289 et
1175 2247 1279 2290 moro·

325 2365 372 2409 sos
391 2345 511 2432 saepius
532 2344 620 2413 facit.
668 2344 757 2429 Quod
784 2343 929 2410 Ciceroni
951 2359 1016 2410 tum
1043 2345 1190 2412 occidisse
1213 2347 1279 2436 ipse

316 2465 410 2531 *tostis
430 2478 475 2531 est
497 2467 529 2530 in
548 2465 686 2554 Epistola
702 2467 832 2544 ‚eodem
861 2490 987 2547 mense,
1013 2491 1075 2558 quo
1097 2469 1184 2557 prior
1196 2470 1280 2535 Luc-

319 2591 393 2676 'cejo
404 2638 414 2668 ,
438 2587 545 2653 =Attico
563 2587 653 2664 dato,
678 2599 855 2675 quatamen
878 2585 971 2652 simul
991 2588 1076 2654 hunc
1088 2587 1173 2652 omni
1185 2589 1278 2678 culpa

323 2709 446 2776 liberat.
473 2731 493 2770 «
508 2706 574 2774 Seis
586 2733 607 2774 »
619 2758 628 2788 ,
641 2710 705 2789 ait,
730 2733 750 2773 r<
764 2732 858 2797 quam
888 2712 927 2776 sit
950 2713 1108 2793 φιλαίτιον
1130 2719 1280 2799 συμφορὰ”

323 2833 455 2896 minime
477 2833 509 2895 in
529 2845 561 2895 tc
580 2829 740 2919 quidem»
758 2836 786 2899 ¹.
835 2833 946 2922 Neque
965 2856 1037 2897 rero
1066 2834 1160 2899 etiam
1192 2835 1277 2923 quod
1299 2809 1308 2813 -

324 2952 462 3017 amicitia
484 2950 612 3016 Antonii
633 2971 703 3013 usus
731 2951 814 3029 fuit,
839 2951 882 3040 id
916 2953 1022 3034 Attico
1055 2953 1203 3018 dedecori
1232 2967 1277 3019 est

319 3071 507 3138 vertendum
539 3094 597 3136 neo
632 3071 731 3136 malae
759 3071 833 3136 fidei
853 3073 1007 3140 indicium
1031 3073 1141 3140 haberi
1163 3089 1276 3166 potest.

322 3193 456 3258 Mortem
473 3185 590 3256 “Cicero
604 3241 613 3270 ‚
638 3191 708 3257 siro
719 3207 877 3258 meruerat
903 3195 942 3258 de
966 3195 1102 3262 Antonio
1133 3198 1194 3262 sire
1213 3221 1274 3262 non

316 3326 495 3392 meruerat,
522 3314 617 3378 semel
640 3315 801 3394 subierat3
829 3318 969 3383 Atticum
992 3341 1064 3384 rero
1083 3335 1186 3409 gratus
1207 3343 1275 3386 ser-

320 3448 443 3500 vaverat
456 3435 585 3500 Antonii
597 3435 738 3514 animus,
764 3459 801 3502 eo
814 3436 962 3526 insignior
976 3490 986 3522 ,
999 3441 1082 3530 quod
1094 3442 1177 3506 itlius
1186 3444 1275 3508 causi

322 3553 423 3620 Cunus
435 3575 582 3642 quoque,
609 3575 702 3642 quem
723 3556 999 3628 familiarissimum
1008 3559 1144 3627 habebat
1157 3611 1167 3642 ,
1180 3562 1274 3627 vitam

320 3674 412 3740 simul
430 3686 461 3740 ct
472 3673 650 3741 libertatern
662 3690 911 3764 recuperaverat.
937 3680 985 3746 Ne
996 3683 1047 3747 cui
1058 3682 1274 3771 igitur-videa-

240 3779 243 3796 ⁸
321 3809 370 3862 tor
391 3797 531 3877 mirum,
557 3795 721 3876 Atticum,
747 3800 802 3887 qui
825 3813 1025 3888 acceptorum
1048 3802 1272 3872 beneficiorum

357 4045 366 4080 ¹
408 4058 440 4106 aa
455 4055 505 4106 Ao.
528 4058 585 4108 uo.
604 4053 664 4109 κη.
685 4057 734 4122 npr
753 4056 795 4121 41.
815 4056 828 4124 a·
846 4058 871 4110 e.
