3042 5140
672 641 736 701 205

226 824 282 888 10.
316 826 333 906 §
372 819 417 904 1.]
467 818 606 884 Marcelli
634 817 729 881 caede
755 831 1021 900 commemorata,
1059 820 1181 890 Atticus

223 944 263 1008 ad
281 939 464 1007 Ciceronem
484 939 623 1010 scribens
644 938 730 1003 hunc
752 960 849 1004 unum
871 939 1100 1027 appellaverat,
1125 944 1181 1033 qui

222 1065 362 1154 reliquus
398 1076 495 1141 esset,
535 1083 607 1127 rere
646 1061 863 1142 consularem3
901 1062 985 1151 quod
1016 1067 1102 1150 παρὰ
1124 1061 1182 1145 τὴν

225 1187 362 1272 ἱστορίαν
386 1205 449 1247 esse
474 1180 527 1246 itte
551 1180 654 1248 docet.

269 1304 353 1373 XLI.
379 1303 548 1370 Inhibere.
587 1302 669 1390 [Lib.
699 1302 791 1369 XIII.
818 1303 881 1392 np.
905 1307 962 1372 21.
988 1312 1005 1392 §
1031 1307 1078 1393 3.]
1125 1303 1180 1373 sic

223 1426 346 1493 Atticus
387 1425 571 1491 vertendum
612 1439 773 1492 censuerat
811 1428 1002 1495 Graecorum
1036 1431 1182 1516 ἐπέχειν,

221 1545 355 1635 ideoque
400 1543 533 1624 Cicero,
577 1546 632 1633 qni
671 1547 743 1613 Lib.
778 1547 808 1614 I.
845 1549 886 1611 de
923 1548 1022 1620 Orat.
1059 1573 1088 1618 c.
1125 1555 1182 1618 31.

222 1673 242 1755 §
268 1670 331 1732 153
356 1688 415 1757 pro
444 1687 481 1732 eo
514 1667 678 1754 scripserat
709 1671 898 1747 sustinere,
924 1668 963 1732 de
990 1671 1089 1736 Attici
1109 1694 1183 1736 sen-

223 1790 322 1856 tentia
353 1791 398 1854 ita
422 1788 623 1855 scribendum
665 1801 839 1858 curaverat.
899 1791 979 1856 Tum
1013 1814 1085 1857 rero
1115 1816 1183 1859 me·

221 1912 299 1977 liora
329 1936 361 1978 se
393 1879 539 1979 edoctum
573 1912 682 1977 scribit
712 1925 743 1978 et
770 1912 971 1978 retinendum
1002 1918 1181 1982 sustinere.

225 2030 288 2097 Alii
301 2030 340 2097 de
361 2032 622 2099 Academicorum
643 2033 731 2098 libris
749 2056 924 2101 sermonem
944 2058 1007 2102 esse
1018 2048 1181 2124 putarunt,

226 2151 394 2241 quodnon
410 2152 566 2242 procedit.
591 2153 664 2223 Vid.
690 2155 836 2227 Lambin.
862 2156 957 2226 adh.
983 2158 1004 2226 l.
1030 2158 1078 2226 CI.
1105 2164 1122 2247 §
1150 2163 1180 2227 4.

270 2273 371 2338 XLII.
410 2271 482 2338 Sed
508 2295 549 2337 ne
566 2278 598 2338 is
617 2276 766 2358 paridem,
791 2281 849 2360 ptri
868 2281 1008 2342 omnium
1019 2278 1182 2370 flagitio-

224 2417 297 2459 rum
317 2403 458 2472 auctor,
487 2394 564 2458 dene
593 2395 778 2462 dorostro.
809 2398 895 2483 [Lib.
921 2401 1012 2468 XIII.
1038 2403 1099 2491 Ep.
1127 2403 1181 2469 40.

224 2521 241 2602 §
268 2516 313 2602 1.]
364 2514 485 2581 Atticus
516 2514 555 2578 de
587 2517 623 2598 Q.
657 2513 807 2580 Cicerone
826 2516 891 2581 filio
916 2539 1065 2596 narrans,
1092 2521 1182 2606 flagi·

224 2641 266 2705 tia
293 2641 360 2728 ejus
390 2660 490 2727 paene
518 2637 623 2703 omnia
650 2619 681 2702 in
714 2637 853 2703 Hirtium
886 2639 1072 2703 contulerat.
1123 2638 1183 2703 Hic

223 2761 306 2826 enim
348 2759 396 2824 illi
424 2759 542 2824 aditum
585 2768 748 2848 aperuerat
788 2758 826 2822 ad
861 2757 1045 2837 Caesarem,
1092 2759 1180 2844 cujus

225 2880 324 2968 gratid
364 2880 462 2946 fretus
501 2902 597 2968 quum
638 2879 772 2963 Quintus
799 2879 934 2968 plurima
968 2892 1184 2970 perpetraret,

119 3042 123 3050 -
223 3001 341 3068 Hirtius
375 3000 488 3067 horum
519 3005 660 3064 omnium
680 3002 904 3090 flagitiorum
935 3011 1054 3066 auctor
1074 2999 1184 3065 heberi

221 3111 356 3210 poteret.
404 3121 548 3188 Eundem
578 3133 682 3186 tamen
709 3132 776 3184 tum
798 3121 901 3186 minus
923 3121 1004 3186 hene
1022 3122 1061 3185 de
1084 3123 1183 3204 Quin·

222 3255 254 3308 to
279 3242 417 3324 sentire,
441 3242 603 3307 addiderat
627 3242 763 3310 Atticus.
788 3240 862 3308 Vid.
888 3241 1056 3309 Manutius.

267 3366 386 3434 XLIII.
410 3365 519 3433 Nonis
543 3365 666 3434 sultis.
717 3364 804 3453 [Lib.
830 3363 918 3432 XVI.
944 3363 1003 3453 Cp.
1031 3359 1062 3430 l.
1088 3368 1106 3450 §
1133 3362 1179 3448 1.]

222 3486 352 3552 Fecerat
380 3485 563 3553 Ciceronem
595 3489 760 3553 certiorem
784 3487 825 3552 de
845 3487 926 3552 indis
950 3486 1060 3567 Bruti,
1084 3485 1182 3552 Nonis
1272 3575 1273 3578 Ἴ

221 3609 333 3676 lutrio
361 3633 419 3676 uec
450 3632 523 3675 reru
555 3609 698 3694 Quinc,
721 3610 827 3675 odiosi
850 3608 987 3678 Caesaris
1008 3611 1181 3690 memorii,

220 3731 414 3818 proscriptis.

266 3849 378 3917 XLIV.
413 3852 497 3916 Μετ’
528 3854 683 3934 ἀμύμονα.
735 3852 810 3940 [ep.
837 3858 869 3920 5.
895 3861 912 3941 §
939 3854 985 3941 5.]
1047 3852 1179 3944 Signifi-

220 3983 309 4036 catur
332 3971 457 4060 Nepos,
487 3994 602 4061 quem,
637 3972 675 4036 ad
704 3972 799 4041 Hom.
849 3974 970 4062 odyss.
1003 3975 1076 4045 Lib.
1102 3976 1174 4041 vlt.

219 4090 408 4180 respiciens,
435 4088 581 4157 Ciceroni
606 4093 886 4164 commendaverat.
