3042 5146
668 637 707 698 61

201 817 358 904 omnique
391 813 485 880 modo
521 813 581 880 sibi
612 813 650 878 ad
692 813 888 900 tyrannidem
918 816 1004 882 riam
1032 840 1156 906 parare.

202 936 280 1002 Mox
306 957 342 999 eo
372 956 421 999 res
439 933 546 1011 veuit,
571 943 607 998 ut
627 955 684 1021 per
713 921 818 1021 plnres
840 955 959 1000 meuses
990 937 1163 1025 respublica

196 1025 273 1123 'stne
297 1055 483 1122 Consulibus
502 1067 580 1120 esset
594 1102 603 1133 ,
618 1066 649 1118 et
668 1076 766 1142 quum
784 1055 895 1143 possim
919 1054 950 1120 in
970 1056 1094 1122 circulis
1117 1078 1169 1120 ru-

202 1194 276 1245 mo'r
299 1192 400 1258 esset,
426 1201 503 1266 opus
525 1199 590 1242 esse
603 1176 693 1240 unius
711 1175 771 1239 riri
782 1175 987 1264 principatu,
1004 1176 1171 1265 Pompejus

203 1299 346 1387 quidem
366 1321 439 1364 curu
468 1296 682 1386 indignatione
707 1296 740 1360 id
770 1296 879 1362 audire
913 1319 944 1364 se
977 1297 1171 1376 simulabat,

204 1419 262 1483 sed
283 1419 363 1484 clam
389 1419 421 1484 id
444 1419 575 1508 agebat,
600 1430 636 1484 ut
655 1418 693 1483 ad
715 1418 911 1484 Dictaturam
931 1419 1012 1486 foret
1039 1419 1170 1485 tandem

207 1539 458 1618 recurrendum,
479 1539 531 1604 cui
551 1561 626 1627 prae
660 1539 729 1604 aliis
754 1540 969 1628 interregnum
1001 1541 1126 1608 larebat
1141 1547 1168 1610 ¹.

208 1655 343 1722 Interim
369 1654 479 1722 Caesar
519 1682 582 1722 non
616 1660 718 1726 minus
750 1685 844 1750 quam
875 1663 1040 1750 Pompejus
1071 1665 1104 1729 in
1138 1664 1169 1730 id

213 1777 449 1857 incumbebat,
485 1793 518 1846 ut
561 1779 767 1862 Ciceronem,
818 1805 912 1870 quem
943 1784 1048 1870 magni
1079 1795 1171 1848 uter-

210 1921 276 1987 que
309 1899 513 1983 aestimabat,
556 1902 616 1967 sibi
647 1903 829 1968 devinctum
871 1903 1033 1984 redderet,
1075 1904 1170 1993 idque

211 2021 359 2086 omnibus
371 2021 471 2086 modis
493 2022 663 2112 impetrare
675 2023 846 2091 nitebatur.
872 2025 901 2090 ls
918 2074 927 2104 ,
946 2023 1094 2090 suadente
1107 2026 1164 2091 At·

206 2141 296 2220 tico,
320 2163 426 2208 secum
447 2144 652 2210 constituerat
673 2145 822 2212 lluctibus
836 2145 946 2212 cedere
969 2144 1171 2236 Caesarisque

205 2265 383 2332 amicitiam
405 2289 468 2331 non
491 2268 677 2356 aspernari²
697 2295 704 2347 ;
732 2281 893 2347 ceterum,
927 2271 1028 2359 quoad
1047 2285 1170 2362 posset,

203 2388 344 2455 mediam
377 2401 486 2452 tenere
519 2389 613 2454 riam.
640 2413 660 2452 r<
681 2389 727 2454 lle
760 2412 854 2468 eo»,
888 2390 1015 2480 inquit,
1049 2392 1168 2482 «quod

206 2532 261 2576 me
285 2530 412 2586 monce,
437 2521 471 2572 ut
494 2519 525 2572 et
558 2508 725 2583 πολιτικῶς
756 2531 807 2574 me
836 2531 941 2597 gerum
970 2525 1001 2576 et
1031 2518 1087 2594 τὴν
1111 2516 1170 2578 ἔσω

205 2635 354 2716 γραμμὴν
374 2643 521 2710 teneam,
548 2630 590 2694 ita
609 2629 733 2697 luciam.
782 2629 844 2698 Sed
868 2653 944 2720 opus
971 2645 1017 2696 est
1050 2634 1169 2718 majore

205 2752 401 2843 prudentia,
435 2775 529 2841 quam
549 2776 567 2816 a
590 2765 641 2831 te,
672 2766 706 2817 ut
730 2751 832 2832 soleo,
867 2755 1049 2840 petamssu.
1099 2752 1169 2818 Non

206 2873 307 2964 igitur
334 2874 454 2963 quierit
490 2873 621 2953 Cicero,
653 2885 840 2963 anteaquam
875 2871 1030 2940 Buthroto
1064 2883 1094 2938 ct
1128 2873 1169 2938 Ε-

207 2993 334 3084 pheso4
360 3008 523 3061 evocatum
551 2995 694 3060 Atticum
715 3017 805 3060 suum
830 3007 937 3060 nactus
967 2994 1053 3075 fuit,
1076 3018 1171 3084 quem

209 3114 289 3180 odeo
311 3128 376 3181 tum
394 3117 522 3182 demum
541 3116 660 3182 dimisit
674 3167 682 3195 ,
696 3140 814 3205 quum,
840 3118 1008 3184 Proconsul
1035 3115 1166 3184 Ciliciae

209 3238 405 3327 designatur,
428 3240 560 3304 Romam
583 3252 614 3303 et
636 3238 775 3302 amicum
788 3237 965 3327 relinquere
984 3237 1169 3324 cogebatur.

190 3328 195 3340 ,
254 3361 366 3449 ltaque
389 3382 485 3449 quum
503 3357 651 3425 Ciceroni
679 3371 788 3424 contra
812 3357 1004 3422 roluntutem
1028 3367 1059 3422 et
1075 3377 1173 3445 prae-

210 3494 257 3546 ter
280 3483 460 3573 opinionem
481 3479 663 3554 accidisset,
704 3494 738 3545 ut
771 3479 830 3568 ipsi
864 3502 935 3545 cum
970 3479 1103 3570 imperio
1136 3478 1167 3542 in

191 3737 201 3744 ·
248 3716 258 3748 ¹
298 3724 419 3791 Appiano
443 3727 473 3776 Β.
491 3725 523 3776 C.
542 3725 601 3776 bib.
620 3721 661 3774 ll.
680 3743 705 3778 r.
725 3728 757 3777 19
775 3743 816 3792 sq.

247 3818 257 3851 ²
299 3824 331 3872 ad
348 3824 401 3875 Art.
419 3824 479 3877 Lib.
500 3821 611 3890 lxdie
634 3821 806 3894 5.§t,r;
830 3826 881 3893 Ep.
898 3828 926 3880 6.
951 3823 1174 3894 §Quintu-

210 3919 259 3986 Ep.
278 3927 303 3974 1.
322 3927 337 3991 d
356 3926 384 3976 2.

249 4017 260 4048 ³
299 4024 656 4096 trb.ttt.up.8b.§t.

249 4125 260 4158 ⁴
300 4125 349 4189 ttp.
369 4129 408 4181 17.
431 4127 445 4192 b
470 4129 574 4194 l3Ep0
595 4126 636 4181 18.
660 4131 674 4196 §
695 4129 709 4178 3
730 4129 751 4179 l'.
