3042 5140
771 635 837 696 {48

325 813 435 901 quium
480 835 608 904 pergere
654 816 734 894 iter,
766 813 937 878 ambitione
975 837 1012 878 ao
1039 815 1187 904 periculis
1228 841 1279 883 ra⁴

320 941 493 1006 ouum»'¹.
847 1026 849 1030 ι

367 1062 440 1130 run
463 1060 541 1127 haec
579 1060 677 1126 nasici
703 1059 735 1123 in
763 1056 907 1123 civilibus
934 1056 1174 1127 dissensionibus
1207 1084 1276 1126 sen·

322 1182 422 1248 aiendi
436 1177 619 1272 legendique
637 1179 738 1258 ratio,
763 1178 824 1245 hoo
848 1193 934 1245 retus
958 1179 1136 1248 institutum
1149 1181 1228 1249 ritae
1245 1191 1273 1252 ².

214 1341 215 1344 ¹
322 1303 460 1370 Publicis
481 1303 574 1368 rebus
594 1300 735 1368 consulto
759 1323 921 1390 nunqnam
943 1302 1009 1366 fere
1026 1324 1057 1368 se
1086 1303 1184 1368 noluit
1208 1304 1273 1370 irn-

321 1431 462 1496 miscere.
509 1425 629 1491 Pariter
657 1423 752 1512 igitur
781 1446 798 1486 a
829 1419 1014 1510 capessenda
1047 1424 1210 1510 republica
1241 1437 1275 1488 et

320 1548 462 1638 gerendis
479 1547 661 1612 muneribus
682 1567 738 1634 per
751 1557 848 1610 totam
860 1544 955 1609 vitam
967 1544 1129 1613 abstinuit.
1140 1546 1274 1611 «Hono-

280 1755 283 1762 .
321 1693 369 1736 res
398 1691 462 1735 non
489 1668 603 1758 petiit,
631 1689 728 1758 quum
747 1668 778 1731 ei
798 1679 964 1756 paterent,
989 1680 1119 1758 propter
1135 1668 1184 1733 rel
1205 1691 1272 1758 grn-

323 1781 691 1880 liam²'tel=1lignitatem=
723 1790 808 1890 quoti
833 1811 937 1878 neque
957 1791 1025 1878 peti
1055 1812 1142 1856 more
1174 1794 1273 1880 majo-

321 1933 391 1977 rum
404 1960 413 1991 ,
438 1909 540 2001 neque
562 1911 632 2000 capi
662 1923 805 1999 possent,
840 1911 1024 1978 conservatis
1061 1911 1203 2000 legibus,
1239 1913 1272 1978 in

322 2049 386 2101 tam
406 2034 508 2099 effusis
529 2033 664 2098 ambitus
687 2031 922 2122 largitionibus,
961 2053 1063 2122 neque
1089 2032 1154 2119 geri
1184 2054 1272 2098 ere·

321 2157 411 2247 publ.
434 2156 500 2222 sine
520 2154 683 2245 periculo,
705 2155 862 2243 corruptis
889 2155 1022 2220 civitatis
1052 2156 1223 2222 moribus»
1240 2162 1269 2224 ³.

321 2279 505 2346 Oblatorum
525 2295 690 2340 munerum
712 2275 863 2340 bonorem
881 2276 953 2342 satis
980 2275 1040 2342 sibi
1069 2299 1133 2341 esse
1155 2278 1271 2365 gloriae

321 2400 457 2466 ducebat
469 2444 480 2478 ,
503 2420 570 2464 rem
596 2396 781 2463 familiarem
802 2419 914 2486 augere
935 2419 1045 2486 parum
1067 2396 1196 2464 honesti
1215 2419 1270 2462 ra-

319 2525 403 2592 tione
425 2523 524 2590 noluit
540 2549 548 2606 ;
576 2535 767 2614 quapropter
784 2535 816 2588 et
839 2522 973 2587 aliorum
989 2521 1159 2587 multorum
1176 2523 1270 2586 Prae·

319 2649 453 2720 foeturas
478 2660 509 2713 et
528 2646 567 2729 Q.
596 2643 755 2710 Ciceronis
786 2643 972 2732 legationem
1000 2643 1142 2732 accipere
1175 2667 1270 2732 nega·

316 2774 360 2843 vit
375 2777 404 2842 ⁴.
448 2771 515 2838 Neo
535 2788 610 2833 reru
627 2765 770 2845 Marcus,
797 2765 952 2854 quamvis,
978 2776 1125 2853 utsupra
1150 2764 1269 2829 dictum

316 2901 416 2972 est⁵,
441 2892 487 2958 ire
509 2911 583 2957 enm
602 2886 731 2967 mallet,
756 2885 922 2952 consilium
943 2898 1047 2952 tamen
1070 2887 1136 2974 ejus
1159 2907 1270 2975 repre-

315 3013 454 3081 hendere
473 3010 598 3102 potuit,
624 3029 722 3098 quum
736 3009 819 3096 justa
842 3006 881 3072 de
902 2984 999 3072 causa¹
1019 3007 1175 3097 proficisci
1196 3029 1269 3072 eum

313 3137 396 3202 nolle
422 3148 507 3202 certo
529 3134 633 3201 sciret.
682 3127 819 3198 Omnino
839 3128 963 3196 Atticus
984 3139 1048 3194 tarn
1071 3150 1183 3217 parurn
1214 3127 1269 3192 de·

312 3260 485 3326 luctabatur
503 3255 696 3332 honoribus,
723 3264 758 3317 nt
779 3274 818 3316 ne
845 3250 961 3339 judicis
995 3249 1123 3339 quidem
1156 3270 1270 3313 munus

316 3402 450 3471 unquam
474 3379 536 3443 sire
560 3376 698 3442 oblatum
721 3374 877 3462 acceperit
897 3393 1025 3438 sennan
1050 3371 1189 3437 oblatum
1209 3391 1267 3460 pe·

312 3503 397 3566 tierit
409 3549 418 3580 ,
443 3489 543 3587 guum
559 3509 663 3562 tamen
683 3494 817 3584 dignitas
833 3505 864 3560 et
884 3493 1049 3585 probitatis
1084 3493 1171 3572 laus,
1206 3513 1267 3582 qua

352 3707 362 3739 ¹
401 3717 487 3767 Tacit.
506 3715 574 3768 Ana.
593 3716 650 3768 Lib.
675 3716 723 3770 IV.
738 3734 764 3769 c.
781 3717 815 3770 ‘20
834 3717 855 3767 f.

349 3817 361 3850 ²
403 3818 445 3870 lta
464 3825 578 3870 vocatur
597 3838 611 3868 a
631 3820 731 3885 Nepote
741 3837 774 3878 c.
792 3817 860 3872 vll.
881 3820 896 3886 p
917 3821 930 3870 3
950 3819 972 3873 f.

354 3919 365 3952 ³
404 3922 489 3986 Nepos
508 3939 532 3974 c.
552 3921 678 3988 ΠΗ.
772 3892 776 3899 ³

356 4009 367 4043 ⁴
402 4019 487 4084 Nepos
506 4019 646 4088 1.1.§4.

351 4117 362 4150 ⁵
404 4118 443 4169 Cf.
462 4117 548 4188 hujus
567 4119 759 4186 disputationis
777 4137 794 4186 p
832 4120 835 4128 ’
