2970 5144
641 583 682 646 27

190 763 320 850 uerique
342 781 453 838 sensu,
486 759 597 824 iisdem
628 759 693 822 fere
724 757 864 824 moribus
881 758 1037 848 praediti,
1069 754 1138 817 fieri

189 883 277 948 aliter
294 881 342 946 rix
361 879 484 970 potuit,
518 880 595 970 quin
615 878 799 967 quotidiana
820 880 1045 946 consuetudine
1063 902 1137 944 eum

187 1006 219 1069 in
240 1005 370 1070 modum
389 1007 655 1092 conjugarentur,
685 1014 719 1065 ut
744 1000 797 1064 ille
832 1000 957 1066 tandem
981 1000 1139 1065 neminem

186 1146 244 1189 nec
269 1124 420 1188 cariorem
441 1123 569 1188 haberet
591 1145 650 1188 nec
675 1122 898 1211 jucundiorem
929 1122 1056 1203 Attico,
1084 1121 1138 1186 hic

185 1238 219 1309 in
236 1244 375 1309 amicitia
395 1243 539 1310 Ciceroni
559 1246 674 1334 primas
695 1245 831 1310 deferret
848 1248 875 1312 ¹.
918 1245 1024 1309 Talem
1042 1243 1136 1332 igitur

185 1365 360 1430 studiorum
373 1366 491 1440 socium
502 1375 627 1444 nactus,
641 1361 764 1430 Atticus
785 1363 961 1430 Phaedrum
984 1377 1015 1429 et
1032 1386 1137 1428 senem

186 1490 360 1567 Zenonem,
374 1489 544 1577 Epicureos
554 1535 564 1564 ,
576 1488 757 1574 frequenter
767 1485 887 1551 audirit
900 1535 908 1564 ,
933 1505 1030 1574 quum
1043 1483 1140 1546 mira·

185 1623 271 1674 retur
284 1609 412 1697 quidem
425 1621 610 1696 utrumque,
630 1607 807 1672 Phaedrum
819 1619 924 1670 autem
943 1606 1039 1669 etiam
1055 1625 1141 1668 ama·

186 1741 244 1794 ret.
306 1729 391 1812 Quae
422 1741 528 1796 autem
558 1727 597 1792 de
624 1728 835 1793 celeberrimis
868 1726 928 1790 illis
961 1727 1141 1792 doctoribus

182 1850 371 1930 audierant,
407 1874 442 1916 ea
478 1848 620 1939 quotidie
641 1849 723 1915 inter
743 1873 774 1914 se
795 1849 937 1922 conferre
958 1847 1063 1912 sedulo
1094 1870 1142 1910 so-

187 1980 293 2069 lebant
331 1980 433 2068 deque
463 1978 501 2044 iis
540 1977 641 2040 amice
678 1975 878 2062 disputare2.
924 1973 1042 2038 Verum
1079 1995 1140 2040 nou

187 2105 318 2193 Epicuri
353 2116 475 2169 tautum
503 2102 619 2190 placita
646 2121 831 2188 cognoscere
853 2097 1043 2193 Pomponius
1072 2111 1141 2162 stu-

186 2225 277 2304 duit,
303 2223 356 2288 sed
388 2222 648 2294 Academicorum
680 2223 774 2286 etiam
809 2219 993 2308 disciplinae
1016 2242 1142 2308 operam

186 2344 286 2412 dedit.
310 2345 444 2432 Vigebat
465 2366 501 2407 eo
521 2323 662 2432 tempore
683 2341 892 2408 nobilissimus
923 2345 988 2430 ejus
1019 2341 1143 2408 scholae

186 2467 333 2544 antistes,
367 2456 545 2557 Ascalonita
568 2460 765 2544 Antiochus,
799 2463 940 2528 Philonis
961 2462 1142 2552 discipulus.

185 2583 295 2649 'Multis
315 2584 523 2648 nobilioribus
541 2583 809 2664 Atheniensibus,
831 2582 906 2648 belli
936 2583 1144 2650 Mithridatici

186 2716 349 2792 tempore,
374 2706 505 2770 Romam
519 2705 795 2791 confugientibus,
821 2703 995 2768 Antiochus
1017 2725 1146 2768 nemau-

186 2829 245 2902 sit,
267 2847 325 2888 nec
345 2823 450 2889 Sullae
464 2825 577 2890 victori
596 2825 734 2912 ingratus
750 2822 842 2888 fuisse
864 2823 987 2886 ridetur
1004 2829 1031 2890 ³.
1053 2824 1145 2888 lluuc

224 2971 234 3004 ¹
273 2980 362 3044 Nepos
391 2997 415 3028 c.
442 2980 474 3029 V.
502 2979 515 3046 §
548 2979 572 3030 3.
591 2997 615 3029 c.
634 2978 701 3028 XVI.
720 2977 734 3045 §
753 2977 930 3032 2.Plurimis
949 2975 1017 3026 locis
1037 2976 1143 3039 Cicero,

185 3077 284 3142 quanti
304 3077 424 3125 Atticum
449 3075 551 3138 faciat,
573 3076 601 3124 in
621 3077 689 3142 Epp.
710 3083 836 3144 testatur.
855 3076 936 3124 Vidd.
955 3077 997 3126 od.
1013 3075 1066 3124 Au.
1085 3075 1144 3126 tiu.

185 3174 210 3223 1.
228 3175 278 3240 Ep.
296 3173 323 3228 5.
343 3173 357 3241 §
375 3177 402 3226 8.
421 3173 460 3240 i.;
479 3173 531 3241 Ep.
551 3181 594 3229 17.
615 3177 628 3244 §
648 3176 680 3241 53
701 3176 766 3228 Lib.
781 3179 810 3229 V.
823 3179 872 3242 Ep.
890 3175 913 3228 l.
932 3177 945 3243 §
964 3177 1065 3242 55Lib.
1079 3175 1145 3225 llll.

185 3275 236 3340 Ep.
255 3277 299 3326 16.
319 3277 391 3339 App.
410 3277 442 3324 A.
461 3275 474 3342 §
493 3280 542 3338 7.‚
562 3277 634 3339 App.
649 3275 680 3326 F.
699 3275 712 3341 §
732 3279 790 3338 17.;
810 3275 842 3323 ad
858 3275 1147 3339 Dianiuxttmtp.

185 3375 212 3426 l.
229 3373 242 3442 §
261 3375 288 3426 5.

221 3465 232 3498 ²
275 3471 331 3524 Cic.
358 3472 388 3522 de
418 3472 478 3522 Fo'n.
495 3471 555 3521 Lib.
574 3475 600 3523 1.
616 3488 641 3521 c.
659 3469 687 3522 5.
704 3471 718 3538 §
739 3471 783 3523 16.
800 3469 840 3522 Cf.
859 3469 921 3522 tib.
938 3469 968 3524 V.
987 3489 1012 3522 c.
1031 3473 1057 3524 l.
1076 3471 1089 3538 §
1110 3475 1145 3538 33

184 3571 214 3620 de
226 3571 305 3641 legg.
330 3571 392 3621 Lib.
419 3569 443 3622 l.
471 3589 495 3620 c.
514 3572 557 3624 20.
576 3571 589 3640 §
609 3571 662 3638 533
686 3573 723 3622 ad
739 3572 791 3622 An.
810 3572 872 3626 Lib.
890 3573 920 3622 V.
939 3575 990 3638 Ep.
1010 3575 1055 3624 ll·
1076 3573 1090 3641 §
1108 3575 1146 3641 63
1208 3613 1210 3616 -

185 3671 246 3722 Lib.
263 3672 332 3723 nrt.
350 3674 439 3737 upa.
462 3673 475 3740 4
495 3671 521 3738 4.

222 3764 233 3796 ³
274 3767 316 3821 Cf.
334 3772 362 3822 l.
383 3775 415 3824 A.
434 3777 462 3825 c.
479 3789 532 3823 van
553 3774 679 3838 lleusde,
699 3773 720 3823 l.
739 3774 761 3826 l.
778 3792 805 3840 p.
825 3776 897 3840 tm,
918 3775 969 3840 qui
989 3783 1061 3826 recto
1081 3794 1147 3826 con-

183 3865 267 3940 jicit,
290 3869 375 3918 Attici
395 3873 600 3924 benevolentiae
612 3883 639 3925 et
656 3876 727 3940 apud
749 3875 854 3926 Sullam
866 3878 1147 3941 grallaeAnlioohum

183 3963 212 4015 id
232 3969 367 4025 debuisse.
386 3971 463 4023 ldem
483 3975 516 4025 do
536 3975 665 4028 Antiochi
683 3975 907 4045 philosophandi
927 3979 1031 4030 rationo
1043 3982 1147 4046 optime

184 4069 294 4134 exponit
313 4088 343 4134 p.
361 4073 464 4128 73-91.
535 4133 543 4147 Ι
