3042 5140
663 791 753 860 Vlll.

277 917 346 979 Non
378 913 557 980 laciendum
588 934 660 978 cum
692 914 756 992 iis,
796 914 851 1001 qni
883 913 1059 982 historicam
1093 919 1185 984 fidem

230 1036 376 1102 Sallustio
396 1049 522 1126 negent.

678 1153 735 1218 lX.

275 1279 355 1342 Non‘
375 1277 485 1340 nimias
504 1273 608 1339 landes
643 1270 819 1336 Herodotus
854 1269 1094 1339 Atheniensibus
1129 1280 1184 1343 tri-

230 1399 298 1462 buit
312 1445 321 1475 ,
359 1419 479 1488 quum,
516 1394 596 1459 bella
623 1393 745 1457 Persica
769 1391 957 1479 respiciens,
982 1391 1060 1458 haec
1084 1396 1181 1467 dicit:

227 1525 335 1584 «Νῦν
354 1519 386 1584 δὲ
408 1517 612 1599 Ἀθηναίους
635 1518 675 1578 ἄν
699 1539 745 1585 τις
769 1511 868 1588 257...
880 1521 1018 1598 σωτῆρας
1039 1519 1186 1593 γενέσθαι

228 1640 281 1713 τῆς
309 1631 484 1709 Ἑλλάδος,
510 1631 564 1694 οὐκ
593 1633 634 1692 ἂν
658 1633 833 1709 ἁμαρτάνοι
852 1625 879 1689 τ’
891 1625 1029 1708 utpotae
1040 1654 1083 1709 u,
1111 1634 1180 1705 Lib.

228 1754 305 1822 Vll.
331 1777 360 1820 c.
389 1757 466 1821 139.

347 1956 350 1962 .
684 1873 723 1938 X.

273 1996 465 2061 Athenarum
491 1996 628 2083 rigorem
652 1993 763 2057 iisdem
789 1992 983 2080 temporibus
1004 1995 1116 2062 eximie
1129 2019 1182 2063 cr-

226 2118 322 2208 plicet
347 2119 457 2195 Plato,
482 2116 523 2180 de
547 2118 654 2206 Legg.
681 2114 751 2181 Lib.
777 2114 838 2180 lll.
852 2138 884 2203 p.
899 2117 965 2179 700
990 2115 1051 2183 rl.:
1080 2122 1178 2184 «Οὐκ

224 2238 285 2321 ἦν,
318 2235 342 2304 ὧ
367 2238 475 2319 φίλοι,
500 2246 573 2320 ἡμῖν
597 2241 646 2302 ἐπὶ
670 2244 733 2304 τῶν
755 2238 902 2303 παλαιῶν
925 2244 1028 2320 νόμων
1051 2242 1183 2324 ὁδῆμος

521 2327 527 2356 Ι

225 2365 322 2426 τινῶν
355 2368 480 2445 κύριος,
516 2359 598 2423 ἀλλὰ
618 2365 734 2444 τρόπον
757 2365 830 2425 τινὰ
852 2362 932 2426 ἑκὼν
957 2364 1099 2430 ἐδούλευε
1119 2377 1183 2442 τοῖς

224 2486 373 2561 νόμοις».

677 2602 731 2671 ΧΙ.

266 2719 364 2786 Causa
391 2721 536 2786 interitus
554 2722 640 2810 regni
663 2721 777 2785 Persici
800 2722 973 2818 abeodem
994 2724 1069 2792 hinc
1093 2732 1177 2818 opti·

219 2867 271 2908 mc
292 2845 469 2933 repetitur,
504 2845 588 2934 quod
609 2868 630 2908 α
643 2870 677 2909 το
701 2844 864 2928 ἐλεύθερον
895 2843 968 2911 λίαν
996 2849 1179 2928 ἀφελόμενοι

219 2976 273 3031 ταῖν
296 2967 417 3049 δήμου,
441 2972 476 3031 τὸ
499 2968 680 3032 δεσποτικὸν
702 2967 731 3030 δ’
754 2971 964 3046 ἐπαγαγόντες
983 2970 1104 3050 μᾶλλον
1129 2980 1181 3037 τοῦ

135 3143 137 3148 .
219 3096 449 3173 προσήκοντος,
474 3093 509 3154 τὸ
532 3088 624 3169 φίλον
648 3085 813 3152 ἀπώλεσαν
836 3091 887 3152 καὶ
912 3091 947 3151 τὸ
971 3094 1076 3156 κοινὸν
1093 3095 1126 3156 ἐν
1144 3084 1181 3175 τῇ

220 3209 410 3288 πόλει>>,1.
437 3211 459 3279 l.
486 3235 517 3298 p.
548 3212 613 3282 697
640 3209 679 3274 Ι).
733 3217 735 3226 ’

660 3330 735 3400 llll.

265 3451 394 3540 Regiam
408 3465 593 3540 potestatem
607 3465 640 3516 ut
650 3451 843 3516 aboleverint
853 3453 1008 3532 Romani,
1029 3476 1091 3518 non
1110 3465 1171 3518 tom

217 3571 340 3638 videtur
369 3572 804 3662 tribuendumsindignationi
834 3575 957 3657 Plebis,
990 3599 1082 3666 quam
1116 3600 1176 3641 au-

216 3697 355 3760 ctoritati
375 3696 580 3760 Potriciorum
593 3743 602 3772 ‚
636 3695 691 3783 qui
713 3718 834 3760 summa
856 3718 960 3760 rerum
983 3697 1078 3784 potiri
1101 3696 1175 3784 ipsi-

215 3841 278 3906 que
299 3819 330 3882 in
350 3818 574 3906 rempublicam
596 3816 751 3881 dominari
775 3817 956 3904 cupiebant.

654 3938 745 4008 lllll.

265 4067 350 4148 Quae
371 4065 481 4153 primis
501 4063 694 4150 reipublicae
717 4061 876 4128 Romanae
900 4059 1093 4148 temporibus
1122 4059 1174 4124 in-
