3042 5146
799 649 840 708 82

336 799 467 894 'conotus
498 839 528 890 et
559 826 692 914 tempori
724 797 896 906 inundare]
929 796 979 890 eui
1015 799 1153 892 amicitia
1185 805 1297 896 frustra

344 950 445 1014 luerat
484 922 601 1014 mederi
632 958 753 1034 copata.
802 946 880 1010 Inde
909 959 978 1034 post
1017 946 1184 1012 discessum
1219 947 1297 1014 haec

344 1069 454 1136 Cicero
467 1081 617 1140 testatur:
646 1094 667 1132 a
682 1071 729 1136 Ne
739 1069 943 1135 discessissem
957 1069 1120 1158 quidem»
1136 1121 1144 1150 ,
1170 1073 1296 1161 inquit,

341 1215 361 1254 r<
382 1216 399 1256 e
421 1203 590 1279 conspeetu
612 1203 686 1269 tuo,
713 1189 840 1254 nisime
865 1187 958 1278 plane
975 1188 1055 1254 nihil
1077 1167 1138 1254 ulla
1162 1211 1212 1258 res
1236 1174 1294 1256 ad·

335 1316 470 1400 juraret.
520 1311 610 1395 Quod
635 1311 659 1374 si
691 1320 767 1375 osset
794 1309 920 1398 aliquod
955 1311 1119 1389 levamen,
1153 1310 1184 1376 id
1219 1326 1295 1377 esset

342 1436 374 1498 in
394 1449 424 1500 te
445 1456 529 1501 uno:
557 1443 609 1513 et,
634 1433 885 1522 quamprimum
908 1432 1064 1521 abaliquo
1086 1434 1203 1522 poterit
1212 1439 1293 1513 esse,

341 1571 407 1622 ate
430 1557 566 1624 erit›>¹.
615 1556 725 1644 ltaque
748 1556 854 1654 lanum
889 1556 921 1620 in
954 1556 1120 1624 defunctae
1144 1557 1294 1623 honorem

345 1681 412 1746 beri
433 1679 578 1758 volebat,
603 1679 687 1768 quod
707 1650 837 1766 quidem
859 1677 942 1766 apud
967 1677 1106 1743 Atticum
1121 1725 1138 1762 ,y
1167 1679 1218 1742 oui
1247 1690 1295 1742 to·

338 1785 398 1880 tius
417 1801 464 1866 rei
485 1770 751 1865 administrandae
766 1819 874 1862 curam
886 1775 1180 1875 demandaverat,
1205 1776 1292 1862 tanto

341 1927 471 2014 urgebat
507 1923 644 2000 ardore,
682 1934 716 1984 ut
744 1921 805 1986 hoo
850 1920 976 1987 nomine
1003 1943 1101 2009 paene
1137 1897 1294 1986 dementia

338 2049 472 2138 quadam
502 2061 610 2136 eaptus
642 2045 735 2116 luisse
762 2045 867 2132 putari
901 2042 1007 2130 possit.
1067 2041 1158 2124 Quod
1188 2030 1294 2106 ridens

342 2168 465 2235 Atticus
486 2181 594 2234 auctor
616 2168 741 2232 fortasse
768 2166 852 2243 fuit,
889 2178 923 2231 ut
948 2163 1074 2241 tandem
1097 2138 1293 2253 propositum

337 2290 418 2358 istud
451 2289 570 2354 miserit
599 2301 629 2352 et
661 2288 700 2352 ad
740 2287 903 2352 meliorem
943 2297 1081 2350 mentem
1120 2283 1292 2352 redierit³.

339 2410 504 2478 Mirifioam
535 2409 661 2474 omnino
691 2406 835 2472 adhibuit
866 2405 988 2472 Atticus
1021 2404 1291 2485 benevolentiam,

337 2530 556 2618 diligentiam,
580 2528 780 2618 prudentiam
809 2528 841 2590 in
866 2526 958 2592 amici
987 2525 1094 2592 dolore
1125 2525 1293 2592 avertendo

337 2665 368 2716 et
390 2652 480 2718 uariis
503 2654 568 2740 ejus
590 2651 721 2738 negotiis
741 2650 960 2738 expediendis,
988 2664 1024 2716 ut
1041 2673 1077 2714 er
1100 2651 1172 2738 ipsis
1195 2650 1290 2715 Tullii

324 2765 474 2866 ‘epistolis
513 2785 709 2860 compertum
742 2770 938 2837 habemust.
1010 2769 1058 2835 td
1080 2770 1182 2834 lorum
1218 2793 1287 2835 eum

327 2984 331 3002 Ἴ,
373 2946 380 2977 1
422 2930 472 2994 Ep.
502 2930 545 2978 16.
574 2895 692 2991 Cli-‘Ep
713 2894 838 2995 1⁵t.§3;
860 2929 910 2992 Ep.
932 2927 987 2988 16,
1009 2893 1103 2992 aliae,
1125 2889 1292 2990 tinas-affin

336 3027 446 3078 Abeken
465 3027 490 3080 l.
505 3027 526 3076 l.
545 3045 572 3093 p.
593 3029 652 3080 325.

371 3121 382 3152 ²
424 3130 473 3196 Ep.
494 3128 690 3196 18.§1;Ep.
709 3133 751 3182 19.
769 3131 782 3198 §
802 3135 839 3190 l,
860 3137 885 3180 et
904 3133 1019 3196 passim·

317 3277 319 3280 .
369 3217 379 3249 ³
419 3225 461 3282 Cl.
489 3228 664 3294 Wielandus,
694 3233 772 3282 Tom.
802 3229 839 3282 V.
866 3249 897 3298 p.
924 3229 975 3296 419
1003 3231 1031 3280 ln
1057 3209 1116 3282 not.
1136 3239 1208 3296 etp.
1227 3227 1289 3283 552.

263 3325 270 3338 ”
330 3330 410 3380 Varia
428 3330 649 3396 impedimenta,
668 3349 738 3398 quae
756 3349 783 3382 se
801 3332 829 3382 in
849 3331 907 3382 dies
925 3331 1093 3396 offerebant,
1114 3333 1291 3394 Attieoegro-

331 3430 373 3492 gie
391 3429 519 3481 videntur
538 3430 695 3482 inserviissa
714 3432 749 3482 ad
767 3430 840 3482 male
859 3447 955 3482 sanum
973 3429 1059 3480 Tullii
1074 3429 1221 3482 consilium
1232 3430 1291 3482 dis·

331 3528 488 3580 tinendnm.
526 3531 581 3594 Quo
606 3531 737 3582 benevolo
768 3531 859 3581 studio
878 3529 928 3580 ille
947 3531 1044 3581 ductus
1058 3568 1067 3595 ,
1087 3530 1210 3582 consulto
1228 3537 1290 3580 tan-

331 3631 391 3678 dem
422 3630 450 3678 in
475 3629 602 3695 Epistolis
621 3629 679 3682 fani
698 3629 865 3696 mentionem
885 3629 972 3682 lacere
990 3629 1155 3710 neglerit'et
1174 3630 1208 3682 ad
1227 3647 1289 3702 gra·

332 3730 420 3778 viores
461 3747 501 3780 res
528 3731 683 3781 tractandas
702 3731 855 3780 Ciceronem
878 3730 1019 3782 excitavit.
1059 3731 1181 3782 Fortasse
1198 3738 1290 3781 tamen

321 3839 452 3896 ¹tempora
494 3832 576 3896 etiarn
608 3809 769 3882 infaustiora
798 3829 913 3884 suerint.
943 3829 985 3880 stc
1015 3828 1134 3896 explicat
1162 3813 1291 3879 Middlel.

328 3935 407 3987 l'orn.
426 3934 465 3986 ll.
484 3954 517 4003 p.
531 3935 583 4002 4ἳο
601 3953 643 4002 aq.
846 3979 850 3988 ,

252 4082 257 4086 .
364 4043 375 4076 ⁴
415 4036 475 4087 na.
502 4036 563 4090 xrr.
593 4037 642 4102 up.
671 4011 713 4090 aa.
737 4025 757 4102 't
780 4036 805 4086 a.
825 4033 873 4087 cn.
895 4035 944 4098 rep.
964 4033 1005 4084 ar.
1024 4031 1037 4099 t
1057 4031 1178 4110 rento,
1195 4015 1276 4110 xtrt.

327 4111 372 4198 llp.
390 4139 418 4189 6.
435 4137 448 4204 5
468 4136 482 4204 4
502 4146 527 4188 ot
547 4147 608 4188 anto
626 4109 718 4186 omnes
737 4134 796 4184 bib.
814 4133 878 4188 xtt.
898 4135 952 4198 Ep,
979 4133 1004 4183 5.
1023 4132 1037 4200 §
1056 4132 1083 4184 2.
1101 4132 1196 4196 Magna
1210 4107 1283 4178 Atii-
