3042 5146
761 559 823 630 13⁴6

316 744 441 832 ingenio·
475 725 568 808 debet
590 747 726 835 integra
745 756 845 835 atque
865 749 1063 839 incorrupta
1083 752 1159 818 fides
1169 801 1180 833 ,
1205 759 1267 844 qud

313 867 560 955 omnitempore
582 866 730 956 omnique
761 867 793 930 in
824 888 858 931 re
886 867 1058 934 amicorum
1093 875 1268 939 commedit

309 986 467 1075 prospexit
490 1001 588 1077 eaque
610 987 716 1075 quavis
736 987 855 1053 ratione
878 988 973 1054 tuitus
990 1003 1046 1058 est.
1094 991 1181 1059 llaec
1202 995 1265 1062 Ata

309 1108 374 1171 tico
402 1107 531 1197 proprio
558 1108 619 1172 luit
649 1107 747 1173 virtus
776 1107 955 1197 dignaque,
979 1109 1018 1174 de
1043 1134 1105 1200 qua
1125 1135 1262 1181 seorsum

310 1227 515 1293 absolvamus.¹

315 1373 318 1380 ’
355 1347 403 1412 De
438 1347 600 1436 diligentia
644 1363 675 1415 et
715 1339 798 1430 lide,
843 1367 905 1440 qua·
947 1355 980 1418 iit
1012 1356 1104 1422 rebus
1134 1359 1262 1447 privatis

310 1467 432 1532 dttieus
454 1479 525 1558 'erge
548 1469 663 1534 amicos
681 1493 751 1535 usus
762 1483 829 1553 est,
857 1465 984 1562 Nepos:
1011 1474 1262 1564 «Quidquid»,

309 1588 414 1678 inquit
427 1636 436 1667 ,
458 1591 673 1677 «rogabatur,
698 1588 842 1679 religiose
853 1592 1074 1679 promittebat:
1102 1597 1186 1684 quod
1200 1621 1262 1662 non

310 1709 472 1789 liberalis,
516 1711 569 1778 sed
603 1699 677 1782 levis
707 1713 943 1792 arbitrabatur,
979 1715 1143 1805 polliceri,
1177 1719 1261 1808 quod

306 1847 463 1924 praestare
496 1850 558 1898 non
580 1845 694 1922 posset,
719 1833 807 1898 Idem
830 1834 1035 1915 innitendo,
1060 1838 1145 1926 quod
1165 1841 1260 1905 semei

307 1959 487 2038 adnuisset,
511 1959 596 2022 tontd
616 1968 682 2021 erat
711 1959 807 2034 eorl,
839 1969 874 2021 ut
900 1977 962 2020 non
984 1956 1182 2040 mandatam,
1207 1954 1259 2025 s'ed

303 2089 394 2145 'strant
412 2101 477 2142 rem
497 2077 656 2142 tideretur'
680 2089 783 2164 ageret
816 2077 1003 2166 'Nunquam'
1035 2081 1184 2168 suseepti.
1204 2097 1260 2146 ne*

306 2198 384 2289 potii
401 2219 473 2264 eum
493 2209 669 2287 pertaesum
692 2209 750 2265 e'st.
774 2195 870 2263 Suam
893 2199 978 2263 enim
999 2200 1260 2267 existimationem

306 2317 339 2387 in
369 2344 404 2386 ea
437 2335 472 2384 re
504 2321 554 2408 agi
582 2321 733 2411 putabat:
770 2343 832 2410 qua
864 2319 945 2386 nibil
970 2319 1106 2387 habebat
1147 2322 1258 2391 earius.

301 2444 375 2527 'Quo
387 2443 502 2519 fiebat,
528 2454 561 2507 ut
573 2443 676 2506 omnia
689 2439 901 2521 Ciceronum,
925 2439 1051 2506 Catonis
1068 2445 1078 2483 ¹
1097 2491 1106 2523 ,
1132 2444 1238 2528 (Marii
1248 2480 1258 2524 ,

304 2565 357 2654 Q.)
382 2566 565 2645 Hortensii,
591 2564 837 2653 AuliTorquati
851 2611 861 2642 ‚
896 2561 1069 2629 multorum
1097 2543 1258 2653 praeterea
1338 2623 1353 2632 .

197 2677 206 2684 ’
303 2681 455 2779 Equitum
482 2690 574 2756 Rom.
600 2688 723 2778 negotia
756 2698 938 2777 procuraret
949 2692 1015 2755 ›r².
1062 2686 1258 2753 Adrumeto·

303 2819 372 2877 mus
394 2811 480 2877 hisee
501 2809 687 2898 inprimis,
712 2829 792 2898 qnae
815 2810 908 2875 rebus
919 2807 1110 2897 perturbatis
1128 2806 1258 2897 pidrimi
1378 2885 1382 2892 Ι

301 2933 420 3012 a'mici,
444 2933 483 2996 de
504 2943 584 2998 statu
606 2951 661 2996 suo
682 2929 819 3018 dejecti,
845 2930 884 2994 ab
907 2952 944 2994 eo
968 2941 1169 3019 acceperunt.
1193 2928 1255 2995 Νἰὁ

301 3036 348 3120 bil
381 3043 501 3120 obstitit
538 3051 621 3118 varia
663 3057 772 3116 eorum
804 3049 957 3116 sentiendi
997 3050 1102 3129 ratio}
1151 3063 1258 3116 omne't

301 3199 401 3268 aeque
424 3161 454 3243 ei
473 3198 566 3242 aurae
585 3153 684 3241 inere.
732 3153 780 3237 ile
809 3153 961 3236 Cicerone
991 3182 1064 3235 tero
1094 3165 1169 3259 quid
1199 3167 1255 3234 ‹ti-¹

301 3302 433 3368 camus?
481 3298 564 3364 lluio
595 3293 737 3362 Atticum
768 3291 801 3359 in
835 3292 981 3360 omnibus
1011 3291 1077 3377 ejus
1109 3275 1256 3380 perieulis

294 3420 487 3509 singularem
526 3416 622 3481 fidem
664 3413 841 3503 praebuisse
880 3411 974 3477 docet
1004 3410 1107 3504 Nepos
1123 3416 1166 3492 ³?
1200 3419 1256 3475 nos

301 3545 405 3606 autent
426 3547 487 3628 qno
516 3533 609 3600 modo
637 3545 667 3600 et
700 3535 813 3626 quibus
842 3533 1041 3623 temporibus
1073 3534 1105 3598 id
1136 3534 1254 3600 laetum

338 3737 346 3782 1'
388 3733 461 3803 dunc
491 3736 518 3800 ln
548 3735 632 3801 laici
665 3748 760 3799 amieis
785 3744 867 3801 tuisse
886 3745 1071 3800 ruricurte.
1090 3741 1132 3799 rr.
1151 3736 1256 3796 arrio

299 3849 351 3918 np‘.
375 3854 399 3904 1.
419 3833 479 3919 58.

335 3945 346 3982 ²
387 3951 471 4017 Nepos
490 3969 513 4002 c.
531 3949 749 4018 XV.§1-r.-

335 4042 346 4075 ³
386 4047 559 4117 c.lV.§d.
