3042 5146
645 613 707 676 109

199 793 318 862 «Novi
333 819 376 870 >›,
398 793 442 856 ait
465 790 598 870 Cicero,
631 792 912 858 «moderationem
938 793 1035 857 animi
1061 775 1109 858 tui
1129 805 1160 858 et

203 917 417 1005 aequitatem:
467 926 561 1000 teque
592 935 654 977 nou
692 935 864 1001 cognomen
897 914 996 978 solum
1031 913 1162 980 Athenis

198 1037 400 1124 deportasse,
414 1032 466 1096 sed
477 1031 707 1098 humanitatem
720 1045 750 1098 et
762 1033 961 1122 prudentiam
982 1035 1123 1124 intelligo
1143 1061 1163 1098 >›

198 1153 322 1224 'Scribit
339 1154 417 1218 haee
436 1152 468 1216 in
480 1152 674 1242 praefatione
701 1155 841 1222 Catonis
862 1155 1038 1242 Majoris,
1064 1179 1160 1245 quem

198 1276 241 1340 -ad
263 1273 404 1365 dttioum
422 1273 463 1336 de
479 1283 641 1338 senectute
659 1275 755 1344 misit.
791 1276 902 1363 Itaque
926 1276 1032 1342 addit:
1058 1301 1079 1344 e
1093 1278 1162 1342 Hoc

204 1417 321 1472 onere,
347 1393 431 1481 quod
465 1393 546 1458 mihi
576 1415 743 1459 commune
775 1407 881 1461 tecum
913 1396 991 1475 est,'
1017 1411 1071 1463 aut
1094 1400 1161 1486 jam

203 1515 361 1605 urgentis,
385 1527 439 1579 aut
463 1528 548 1579 certe
573 1513 768 1579 adventantis
799 1517 992 1595 senectutis,
1028 1531 1059 1582 et
1081 1530 1162 1582 teet

204 1635 377 1724 meipsum
408 1633 503 1700 levari
529 1635 610 1699 uolo.
661 1635 727 1700 Etsi
760 1649 791 1700 te
819 1635 946 1724 quidem
979 1638 1010 1702 id
1039 1638 1163 1705 modice

203 1779 239 1821 ao
259 1755 415 1845 sapienter
439 1754 532 1840 (sieut
553 1754 671 1840 omnia)
697 1766 728 1819 et
755 1755 837 1818 ferre
874 1768 905 1820 et
930 1745 1074 1822 'laturum
1101 1782 1164 1824 esse

203 1890 289 1942 certo
311 1877 407 1941 seio»
424 1878 452 1942 ¹.
499 1876 547 1940 Ita
569 1872 702 1952 Cicero,
728 1875 784 1963 qui
805 1876 930 1963 ponitus
953 1877 1162 1966 Pomponium

202 1999 283 2065 etin
304 2010 376 2063 cute
397 2010 549 2076 noverat,
584 1997 721 2085 cogitare
752 2020 788 2062 ae
821 1999 956 2064 seribere
988 1998 1026 2063 de
1059 2000 1164 2065 dttieo

202 2119 332 2185 solebat.
383 2115 475 2182 Certe
497 2117 530 2180 id
553 2119 585 2181 in
607 2095 764 2204 prioribus
776 2119 897 2207 saepius
913 2122 979 2207 jam
1003 2121 1164 2186 obseruare

205 2241 317 2318 licuit,
344 2239 400 2304 ubi
420 2253 488 2304 tum
512 2261 548 2302 ex
572 2239 645 2326 ipsis
667 2238 769 2303 verbis
792 2249 859 2302 tum
874 2261 909 2303 ex
930 2240 1165 2318 rerumetiam,

204 2382 279 2449 quas
296 2351 411 2424 Atriei'
434 2380 527 2423 curae
547 2358 767 2437 demandavit,
792 2359 931 2447 pondere
961 2359 992 2427 et
1017 2362 1165 2450 gravitate

203 2495 312 2573 patere
334 2483 464 2571 potuit,
499 2495 652 2570 quantum
685 2481 739 2544 ille
765 2483 832 2570 ejus
862 2469 995 2569 sapienti
1016 2481 1163 2569 judicio,

202 2603 355 2669 moderati
381 2602 479 2667 animi
509 2601 631 2690 egregio
674 2600 768 2680 testi,
805 2600 962 2667 tribuerit.
1023 2601 1162 2690 ingenue

203 2724 321 2789 solebat
359 2721 474 2800 fateri,
512 2742 734 2808 quamsuane
767 2719 850 2797 sibi,
888 2741 981 2827 quam
1015 2719 1164 2795 salutare,

206 2854 301 2934 q'uarn
315 2843 520 2907 necessarium
540 2854 619 2908 esset
637 2842 707 2907 talis
729 2841 822 2906 amici
840 2841 1016 2908 consilium.
1064 2841 1163 2914 Inde:

205 2963 310 3050 «Non
333 2962 421 3026 labor
453 2985 597 3041 meus»,
633 2962 761 3052 iuquit,
798 2985 893 3027 «uon
924 2961 1068 3052 requies,
1103 2984 1166 3026 non

203 3084 389 3172 negotium,
415 3107 478 3148 non
501 3085 626 3163 otium,
659 3106 723 3148 non
746 3085 882 3150 forenses
903 3107 973 3164 res,
1007 3106 1070 3148 non
1105 3085 1165 3149 do-

203 3204 374 3283 mesticae,
399 3226 461 3268 nou
499 3204 668 3294 publicae,
707 3228 769 3268 non
804 3206 942 3293 privatae
974 3227 1080 3269 carere
1111 3217 1166 3268 tuo

209 3325 390 3391 suavissimo
426 3337 520 3414 atque
555 3326 767 3392 amantissimo
800 3327 928 3392 consilio
959 3350 995 3393 ac
1025 3351 1167 3394 sermone

203 3459 363 3536 possunt»
380 3451 410 3514 ².
458 3445 552 3512 Nulla
571 3468 711 3536 uuquam
736 3450 836 3536 major
865 3449 1034 3537 ‘gerebatur
1061 3449 1093 3511 in
1115 3449 1166 3514 oi·

205 3568 299 3633 vitate
321 3587 393 3645 res,
420 3567 497 3656 quin
510 3592 632 3634 summo
650 3584 813 3660 expeteret
834 3571 946 3637 ardore
967 3571 1066 3637 Anici
1085 3595 1167 3660 pru·

205 3690 281 3754 dens
310 3689 578 3780 moderatumque
611 3692 804 3757 consilium³
839 3694 878 3757 ab
902 3695 1029 3780 ejusque
1051 3694 1169 3783 ingenii

245 3871 255 3902 ¹
295 3877 354 3936 eie.
368 3882 397 3930 de
415 3875 479 3932 Seu.¹
494 3899 518 3931 c.
537 3877 558 3930 l.

243 3973 254 4006 ²
294 3981 354 4030 niu.
376 3980 612 4047 1.Ep.17.§6.
699 4035 703 4052 ‚

245 4071 255 4104 ³
295 4079 368 4131 Vide
397 4089 504 4146 praeter
531 4081 589 4132 loca
610 4083 711 4148 passim
731 4091 822 4134 notata
843 4084 907 4137 Lib.
927 4082 950 4135 1.
970 4083 1021 4146 Ep.
1039 4083 1083 4135 16.
1102 4085 1116 4148 d
1137 4081 1167 4149 43
