3042 5140
696 625 759 692 tau

286 795 363 870 XII.
388 812 516 888 Xoatoao
545 804 708 890 χαλκιίων.
759 805 795 890 [I.
820 805 841 872 I.
868 812 885 893 §
909 806 979 892 22]
1028 805 1202 886 Homerios

238 917 316 990 bueo
340 934 412 990 sunt
425 969 435 1002 ,
468 923 508 988 ab
532 924 638 990 Attico
658 924 718 993 suis
741 924 839 992 literis
861 927 991 1008 inserta,
1020 931 1134 1018 quibus
1154 933 1193 996 si·

237 1046 399 1134 guifiearet
410 1092 420 1125 ‚
447 1043 553 1135 quales
571 1066 630 1133 pra
649 1045 718 1110 suis
735 1068 752 1110 a
777 1045 929 1114 Cicerone
948 1053 1152 1138 exspectaret.

283 1165 376 1232 XIII.
386 1164 484 1230 ’Ait‘
494 1169 567 1248 ἐμόν
580 1169 693 1231 οὔποτε
704 1169 808 1247 θυμὸν
820 1171 866 1234 ἐνὶ
878 1176 1041 1249 στήθεσσιν
1050 1172 1174 1246 ἔπαθες
1184 1217 1203 1251 ,.
1309 1213 1317 1226 ·

236 1285 406 1370 Πατρίδος.
433 1325 474 1337 -
512 1283 598 1370 [Lib.
630 1283 704 1352 VII.
729 1284 790 1372 ΕΡ.
817 1293 847 1352 1.
868 1294 886 1376 §
910 1286 958 1373 2.]
1007 1287 1094 1354 liaeo
1117 1288 1194 1354 item

237 1403 368 1470 Homeri
390 1416 472 1472 sunt.
526 1403 575 1470 td
595 1425 662 1470 rem
682 1407 747 1476 vid.
768 1429 859 1498 supra
877 1431 911 1498 p.
935 1411 977 1474 67
999 1433 1046 1498 sq.

283 1522 370 1594 XIV.
392 1527 462 1588 Ποῦ
478 1529 596 1604 σκάφος
621 1529 654 1594 τὸ
675 1531 739 1593 τῶν
756 1514 957 1613 Ἀτρειδῶν;
1010 1528 1096 1615 [Lib.
1120 1529 1193 1596 VII.

238 1645 297 1732 ΕΡ.
322 1649 355 1712 3.
381 1651 398 1731 §
421 1643 469 1730 5.]
519 1644 709 1734 Desumptus
731 1647 817 1714 loeus
842 1657 886 1712 est
908 1669 925 1711 e
946 1651 1043 1714 veteri
1068 1671 1197 1716 aomos*

238 1761 308 1840 dia,
335 1783 398 1851 qua
427 1762 616 1852 proponitur
645 1763 758 1852 aliquis
788 1763 834 1846 ad¹
855 1762 980 1830 Atridas
1009 1766 1201 1854 confugiens-

193 1967 199 1978 ·
236 1902 407 1969 sonumque
444 1903 537 1970 opem
569 1881 749 1970 implorans.
815 1881 889 1948 Vid.
925 1881 1123 1952 (Iasenbonns
1153 1887 1193 1952 ad

236 2005 257 2069 t.
282 2005 305 2071 Ι.
339 2004 461 2069 Atticus
493 2025 529 2067 ea
570 1999 663 2068 verba
697 2003 842 2070 Gioeroni
882 2004 1170 2070 accommodaverat
1181 2052 1200 2084 ..-

236 2125 317 2190 velut
345 2146 454 2212 rogans
467 2175 477 2205 ,
513 2128 602 2212 eujus
623 2124 677 2190 ille
697 2136 801 2215 partes
825 2136 1027 2212 sequeretur,
1054 2124 1191 2192 Caesaris

235 2266 272 2309 ou
296 2246 455 2333 Pompeji.

279 2366 351 2436 XV.
381 2365 546 2451 Quidfiet,
557 2383 657 2450 quum
670 2363 737 2426 ortt
748 2364 887 2428 dictum:
900 2363 1064 2432 ola-M.
1080 2365 1192 2433 TUL-

235 2482 309 2550 LI?
324 2484 406 2571 [tt]
424 2484 501 2548 Rem
516 2493 656 2572 spectant
669 2480 815 2550 eandem.
837 2479 926 2547 Scire
938 2495 1042 2546 autem
1055 2483 1190 2574 Pompo-

234 2607 303 2670 nius
333 2604 505 2693 oupiebat,
529 2602 608 2690 quid
629 2601 748 2668 Tullius
768 2599 991 2691 responderet,
1015 2602 1041 2667 si
1074 2601 1190 2670 Consul

233 2725 264 2789 in
288 2725 405 2793 Senatu
427 2725 492 2811 ejus
512 2723 695 2790 sententiam
712 2734 856 2813 rogasset.
906 2722 1003 2788 bttiei
1032 2724 1126 2787 verba
1147 2727 1193 2788 si-

231 2845 418 2934 gnibcantur
429 2847 522 2912 etiam
536 2846 607 2914 Lib.
620 2846 693 2914 VII.
705 2845 766 2936 ΕΡ.
794 2851 823 2912 1.
844 2849 862 2931 §
886 2847 927 2924 4;
955 2843 1014 2932 ΕΡ.
1041 2849 1073 2911 7.
1098 2849 1116 2931 §
1141 2849 1184 2926 73

232 2969 304 3036 nb.
330 2968 388 3040 tx,
412 2967 472 3055 up.
502 2972 532 3033 5.
555 2972 572 3052 ς
594 2969 627 3036 2.
1169 2954 1178 2964 ’

278 3091 365 3158 XVI.
393 3089 568 3156 Srscooues.
621 3088 706 3175 [Lib.
729 3087 804 3153 VII.
827 3085 889 3176 ΕΡ.
924 3091 976 3153 13.
1004 3090 1090 3174 §5.]
1129 3086 1194 3155 Off.

234 3235 313 3300 quoe
330 3232 421 3301 supra
442 3209 525 3276 dieta
546 3221 616 3273 suut
641 3208 680 3272 ad
702 3233 737 3298 p.
765 3209 840 3273 117.
866 3217 933 3274 not.
959 3209 991 3275 2.

279 3334 382 3400 XVII.
407 3333 595 3417 Dionysius
607 3380 617 3411 ,
648 3334 703 3394 vir
731 3335 876 3418 optimus
890 3365 915 3408 ,a
936 3339 972 3393 att
1006 3330 1092 3394 milti
1110 3353 1190 3418 quo-

231 3479 292 3543 qne
310 3463 359 3520 sot
376 3461 601 3542 perspectus,-
624 3460 656 3515 et
683 3451 897 3516 doctissimus
931 3454 1044 3538 tuique
1073 3469 1189 3512 oman-

231 3579 405 3653 tissimus,
431 3574 570 3638 Romam
591 3576 679 3638 versit
690 3571 733 3638 X
735 3572 782 3643 V.
803 3572 892 3641 Kal.
911 3572 996 3642 Jan.
1019 3582 1050 3636 et
1065 3573 1191 3636 literas

230 3721 253 3760 a
276 3706 307 3760 te
328 3695 414 3776 milti
434 3692 601 3760 reddidit.
653 3689 738 3777 [Lib.
766 3691 841 3761 VII.
865 3693 925 3780 ΕΡ.
962 3693 1096 3781 rinia]
1142 3694 1191 3758 De

232 3817 358 3884 erudito
399 3815 459 3880 hoe
490 3815 588 3882 Attici
621 3813 735 3877 liberto
768 3834 866 3900 pauca
904 3812 1119 3877 annotavimus
1153 3809 1192 3876 ad

229 3968 261 4032 p.
292 3946 368 4010 175.
393 3949 459 4004 not.
489 3944 517 4004 l.
610 3938 612 3942 ’
879 4025 885 4034 ¹

277 4063 397 4130 XVIII.
428 4058 564 4143 eroties
598 4057 764 4121 exorior!
827 4055 913 4142 [Lib.
949 4054 1020 4124 VII.
1056 4052 1112 4139 ΕΡ.
1148 4055 1190 4116 26
