2970 5144
1139 581 1172 626 lx

252 741 332 802 Idem
361 743 449 800 Vobis
472 742 576 800 dictum
601 743 659 812 sit,
692 740 765 797 Viri
786 739 965 800 Oloribsimi!
986 715 1120 820 quotquot
1139 745 1170 800 in

117 881 120 887 ·
214 853 304 910 uariis
318 849 479 928 disciplinis
504 848 661 908 excolendis
681 848 763 906 duces
791 847 876 906 babai
900 857 927 906 et
948 850 1082 910 doctores.
1114 850 1149 908 V
1145 873 1174 908 e·

213 962 283 1018 stris
298 959 403 1017 studiis
413 959 544 1035 savorem
560 978 641 1016 suum
658 957 851 1031 aoly'unuerunt
861 955 986 1033 plurimi
1000 959 1059 1016 siae
1077 959 1176 1036 digni·

213 1069 281 1126 totis
307 1067 492 1145 bonorumque
519 1086 568 1124 seu
594 1067 765 1126 eruditionis
801 1065 910 1122 nomine
935 1063 1062 1124 illustres
1090 1066 1172 1126 Viri.

212 1171 336 1235 llomino
363 1195 504 1235 recensere
526 1174 640 1252 longum
663 1184 706 1232 est
731 1194 780 1232 suec
806 1193 922 1232 necesse.
977 1173 1082 1232 Cuncti
1108 1193 1173 1232 vero

210 1285 322 1362 gratioe
337 1305 354 1341 a
368 1304 408 1342 me
425 1284 591 1362 coepistis,
611 1299 724 1361 quaeso,
736 1301 794 1359 pro
805 1283 965 1360 insignibus
974 1277 1174 1342 beneuolentiae

214 1393 349 1465 indiciis,
371 1391 470 1470 quibus
483 1389 1028 1473 mecumulorebumonissimeooluistis.
1068 1391 1175 1449 Eodem

216 1503 250 1560 V
246 1512 321 1562 estro
346 1521 447 1581 quoque
475 1523 542 1580 ergo
558 1521 599 1558 me
624 1511 730 1560 maneat
747 1500 876 1558 noluntas
897 1502 1018 1580 idemque
1033 1501 1180 1567 studium;

215 1630 256 1668 me
275 1619 348 1669 certe
364 1610 445 1668 talem
464 1612 650 1688 cognoscetis,
672 1609 777 1686 qualem
793 1629 868 1667 nuuc
883 1629 924 1666 me
932 1612 1088 1686 punitam,
1111 1618 1175 1664 tan-

216 1728 259 1776 tae
274 1719 458 1796 benignitatis
480 1737 618 1795 nunquam
637 1720 826 1776 immemorem.

255 1826 353 1905 Neque
374 1825 434 1884 Vos
448 1826 653 1903 praetereundi
668 1827 739 1883 mibi
763 1828 848 1896 estis,
883 1827 1034 1902 Gymuosii
1059 1825 1177 1884 Bieno-

162 1953 163 1958 “
217 1931 247 1990 Τ
245 1935 381 2008 rejectini
405 1932 628 2010 Praeceptores‚
661 1932 734 1991 Viri
759 1932 938 1992 Beatissimi.
990 1933 1051 1992 Vos
1075 1953 1177 2011 quoque

215 2061 316 2101 summo
324 2044 398 2116 jure
418 2060 500 2100 meam
521 2041 609 2099 Vobis
623 2042 748 2118 gratiam
774 2040 945 2112 uindicatis,
976 2041 1109 2119 siquidem
1123 2061 1177 2119 per

215 2169 291 2207 omne
314 2159 437 2227 tempus,
469 2149 542 2228 quod
568 2148 604 2206 V
599 2157 674 2209 estro
689 2168 759 2234 'sum
784 2149 963 2208 institutione
987 2149 1176 2220 usus,‘nulli

208 2255 296 2334 piane
315 2259 486 2335 pepercistis
511 2277 625 2334 operae,
655 2265 687 2314 ut
712 2258 889 2335 antiquarum
914 2257 1060 2318 literarum
1085 2277 1176 2316 amore

216 2385 257 2423 me
281 2365 473 2423 adolesentem
506 2364 709 2437 incenderetis,
736 2364 857 2441 pulchri
881 2368 1041 2444 uenustique
1067 2387 1175 2426 sensum

151 2526 157 2536 ,
218 2475 250 2530 in
273 2472 364 2529 auimo
394 2491 450 2530 meo
475 2481 533 2529 tum
562 2473 724 2531 excitaretis
740 2482 812 2551 ‚tum
829 2473 952 2532 aleretis.
994 2473 1046 2532 Sic
1072 2474 1107 2532 V
1103 2483 1177 2532 estro
1207 2517 1209 2528 Α

216 2581 309 2638 studio
326 2581 455 2657 foetura,
486 2589 519 2638 ut
545 2581 584 2638 ad
607 2583 717 2655 majora
742 2581 815 2638 mibi
836 2581 932 2640 aditus
949 2591 1063 2659 poteret
1080 2585 1177 2660 uiaque
1249 2575 1255 2594 ¹

216 2687 255 2743 ad
276 2688 431 2746 doctrinam
459 2697 645 2748 sterneretur.
700 2687 788 2746 Vobis
810 2691 903 2766 igitur
929 2690 1065 2760 cunctis,
1106 2689 1140 2746 V
1136 2691 1178 2748 iri

217 2797 335 2854 eutimii!
373 2797 428 2854 etsi
458 2797 568 2855 meritis
603 2795 718 2854 Vestris
751 2797 899 2874 imparem,
923 2817 980 2874 pro
1009 2816 1064 2855 meo
1088 2806 1178 2855 tamen

118 2939 120 2946 ,
213 2901 306 2962 studio
357 2902 475 2962 debitam
509 2904 602 2980 resero
640 2905 773 2980 gratiam.
822 2903 912 2961 Tuom
942 2905 1075 2974 monime,
1114 2903 1177 2962 Ilo-

217 3013 339 3068 otissime
359 3007 492 3088 prcrff!
513 3013 541 3068 si
550 3009 722 3090 singularem
732 3012 863 3071 recordor
882 3021 908 3071 et
922 3021 1091 3070 constantem
1111 3033 1177 3090 ergo

217 3125 335 3174 veterem
362 3117 529 3194 discipulum
556 3117 783 3192 benevolentiam,
812 3121 858 3198 qui
866 3122 975 3197 possim
996 3120 1027 3177 T
1025 3139 1061 3178 ua
1077 3122 1177 3179 merito

218 3234 387 3284 contemnere
398 3270 406 3298 ‚
417 3229 463 3304 qui
471 3246 526 3283 non
532 3236 616 3303 grato
624 3229 714 3284 animo
726 3227 804 3284 Tuos
815 3229 894 3284 inme
902 3228 997 3286 laudes
1004 3237 1177 3288 memorare?
1266 3289 1269 3295 ,

217 3332 334 3391 Fruere
359 3334 409 3392 diu
431 3333 546 3410 placido
571 3336 648 3403 otio,
683 3334 756 3410 quod
770 3343 838 3410 post
866 3335 1033 3408 indefessum
1061 3335 1176 3396 laborem

129 3447 134 3452 ’
218 3441 371 3514 honorifice
397 3441 466 3500 Tibi
488 3451 530 3501 est
555 3462 731 3507 concessum·
763 3444 794 3500 in
812 3463 852 3501 me
870 3452 977 3516 autem,
994 3465 1045 3522 quo
1061 3447 1177 3524 coepisti

218 3548 309 3620 modo,
330 3559 356 3607 et
373 3552 523 3608 amicitiant
544 3551 634 3610 Tuam
654 3553 782 3628 conferre
802 3561 828 3610 et
837 3553 969 3629 fauorem
979 3574 1097 3632 pergas.

260 3657 382 3717 Tandem
415 3659 453 3716 ad
475 3658 536 3718 Vos
561 3680 602 3718 me
631 3669 802 3732 convertam,
844 3661 959 3720 Sodoles
993 3665 1184 3722 amicissimit

218 3761 361 3838 Frustra,
388 3767 456 3826 eben
466 3777 477 3824 !
509 3770 541 3826 in
564 3767 600 3825 V
595 3777 668 3826 estro
695 3787 807 3827 numero
837 3772 923 3828 unius
950 3791 991 3828 one
1009 3771 1175 3831 desideriunt

220 3881 302 3932 tenet.
343 3871 472 3934 Frustra
498 3875 576 3936 ilium
604 3875 747 3961 desidero,
780 3879 829 3954 qui
839 3921 846 3948 ,
875 3879 1004 3955 quamdiu
1037 3882 1067 3936 in
1095 3881 1175 3938 bacco

220 3981 371 4042 Academia
401 4005 508 4061 merom
538 3984 630 4044 literis
653 3983 783 4056 nouauit,
815 3985 892 4046 dcelci
909 4008 960 4046 sua
980 3988 1174 4046 consuetudine
