3042 5146
658 636 700 708 6'9

205 831 347 899 Atticum
372 827 483 894 Cicero
508 826 547 891 de
576 838 641 890 tota
671 847 705 888 re
728 822 818 888 fieret
840 816 964 887 certior‘
976 833 1009 885 et
1029 815 1158 884 consilia

205 951 362 1040 acciperet
381 949 496 1029 simul,
529 969 608 1036 quae
628 956 824 1035 praesentem
846 941 1075 1008 dubitationem
1097 936 1157 1004 tol·

205 1074 317 1142 lereut.
365 1073 505 1156 Quorum
520 1067 686 1136 auotoritas
708 1078 773 1133 tam
792 1087 903 1154 magna
924 1062 1008 1152 apud
1030 1059 1156 1126 Cicero·

204 1219 278 1262 nem
297 1195 381 1274 fuit,
418 1207 452 1259 ut
473 1195 539 1259 fere
568 1215 599 1258 se
642 1191 679 1256 iis
709 1188 845 1254 traderet
878 1181 1068 1274 regendum,
1105 1181 1159 1244 sui

203 1315 375 1406 postpositi
400 1314 496 1404 ipsius
534 1311 699 1378 sententia.
735 1302 1012 1406 'Tantumeenim
1044 1301 1158 1366 tribuit

205 1436 306 1500 Attici
335 1429 540 1524 prudentiae,
569 1446 625 1513 ut,
659 1445 727 1498 acta
751 1430 896 1495 omnibus
917 1424 1159 1499 nuntiantibus,

207 1554 304 1619 abeo
331 1565 521 1642 exspectaret
543 1553 694 1620 futura¹.

255 1671 372 1756 Quodsi
403 1672 472 1760 quis
504 1684 612 1759 rogat,
646 1693 726 1762 quae
751 1670 868 1736 fuerint
889 1669 946 1735 ista
966 1649 1065 1733 Attici
1086 1687 1162 1729 con·

209 1793 295 1871 silia,
310 1791 477 1858 haesitanti
500 1788 646 1856 Ciceroni
666 1790 759 1869 data,
783 1789 899 1880 partim
919 1787 1062 1876 eaipsius
1074 1783 1164 1852 Cice*

206 1917 290 1982 ronis
320 1891 460 1981 iudicant
491 1914 663 2004 epistolae,
684 1885 801 2002 'partim
826 1912 991 2002 Pomponii
1013 1911 1164 2001 epistola-

206 2057 276 2101 rum
298 2036 482 2123 fragmenta.
509 2035 614 2118 Quum
625 2032 711 2099 enim
726 2011 837 2100 Cicero
850 2083 860 2113 ,
872 2033 1004 2098 aliorum
1024 2032 1163 2096 virorum

206 2155 383 2246 exemplum
406 2167 552 2233 secutus,
574 2154 731 2218 maluisset
762 2151 872 2242 procul
905 2150 1004 2216 Romi
1033 2164 1103 2216 tuto
1133 2173 1167 2215 se
1231 2215 1233 2220 ,

206 2277 347 2365 recipcre
384 2297 478 2364 quarn
507 2274 548 2340 ad
579 2275 690 2338 urbem
720 2273 836 2337 morari
852 2277 891 2352 ²,
924 2271 1027 2337 uoluit
1059 2283 1162 2336 tamen

207 2396 330 2462 Atticus
363 2417 457 2475 eum,
481 2393 605 2460 ltaliam
626 2394 652 2458 si
674 2390 867 2481 relinqueret
890 2391 1057 2482 P'ompejus
1069 2442 1082 2474 ,
1103 2389 1166 2458 hus

184 2607 189 2618 .
202 2519 255 2606 jus
276 2530 373 2583 castra
391 2516 499 2607 sequi,
524 2538 582 2582 nec
599 2513 820 2580 inconsiderati
845 2513 991 2579 facinoris
1012 2537 1075 2580 esse
1092 2537 1166 2604 par·

140 2683 151 2700 .
207 2639 361 2728 tioipem3
388 2651 456 2704 tum
477 2639 563 2706 enim
580 2638 673 2703 finem
694 2636 956 2726 peregrinationis
974 2634 1093 2701 nullam
1104 2637 1165 2727 ipsi

205 2758 273 2822 fore
284 2807 294 2839 ,
306 2757 358 2824 sed
368 2760 538 2826 marimum
549 2758 716 2825 discrimen
729 2759 907 2826 imminere.
921 2756 1166 2848 ‹<Summ0peri'-

208 2877 279 2945 culo
296 2878 437 2960 facies»,
465 2881 590 2969 inquit,
614 2901 636 2942 «
647 2901 705 2946 neo
724 2877 917 2967 reipublicae
927 2878 1089 2967 proderis,
1113 2881 1166 2946 cui

206 2997 336 3087 quidem
377 3002 530 3088 posterius
564 3003 682 3089 poteris
715 3002 880 3090 prodesse,
915 3001 940 3066 si
972 3003 1119 3068 manseris
1130 3031 1168 3095 »0

206 3117 244 3183 ln
269 3117 430 3182 mansione
453 3129 559 3182 autom
581 3138 773 3206 quamquam
794 3139 938 3204 magnam
962 3119 1060 3185 inesse
1081 3120 1166 3186 solli-

128 3289 145 3312 ,
207 3233 381 3302 citudinem
400 3237 634 3316 arbitrabatur,
659 3238 763 3302 minus
783 3250 887 3303 tamen
900 3239 976 3303 mali
988 3242 1167 3322 contineri}

207 3357 314 3446 fugam
349 3356 477 3422 omnino
512 3357 722 3446 turpissimam
754 3355 902 3426 habebat.
953 3358 1064 3426 Cicero
1094 3385 1167 3428 sero

206 3478 299 3544 nimis
327 3500 449 3569 semper
481 3478 633 3568 Pompejo
665 3489 696 3543 et
727 3477 846 3543 fidebat
877 3491 911 3543 et
942 3479 1115 3570 obligatum
1135 3505 1167 3549 se

205 3599 343 3689 pristinis
365 3600 527 3666 beneficiis
547 3601 702 3689 putabat,
728 3599 805 3664 adeo
828 3613 884 3680 ut,
910 3622 1008 3691 quum
1029 3601 1083 3666 iile
1102 3603 1168 3668 Ita·

207 3719 248 3784 tia
272 3699 435 3801 cesserat,
455 3719 590 3786 maxime
613 3734 779 3810 augeretur
801 3734 832 3787 et
855 3720 1004 3801 timeret,
1028 3745 1067 3787 ne
1088 3705 1165 3814 ipuid

206 3864 223 3904 a
254 3862 285 3904 se
314 3840 474 3908 dedecoris
503 3865 556 3907 sua
578 3839 738 3907 mansione
761 3853 837 3908 csset
859 3842 1052 3912 admissum·
1087 3845 1167 3911 Erun

245 4004 255 4036 ¹
294 4009 357 4062 Lib.
377 4007 447 4062 V11.
472 4012 521 4076 Ep.
542 4010 583 4062 13.
604 3961 686 4074 §aba¹

241 4103 251 4136 ²
293 4107 342 4172 Ep.
374 4109 421 4159 10,
