<?xml version="1.0" encoding="UTF-8"?>
<!DOCTYPE html PUBLIC "-//W3C//DTD XHTML 1.0 Transitional//EN"
    "http://www.w3.org/TR/xhtml1/DTD/xhtml1-transitional.dtd">
<html xmlns="http://www.w3.org/1999/xhtml" xml:lang="en" lang="en">
 <head>
  <title>
</title>
<meta http-equiv="Content-Type" content="text/html;charset=utf-8" />
  <meta name='ocr-system' content='tesseract 3.04.00' />
  <meta name='ocr-capabilities' content='ocr_page ocr_carea ocr_par ocr_line ocrx_word'/>
</head>
<body>
  <div class='ocr_page' id='page_1' title='image "./diatribeintpomp00hullgoog_0139.png"; bbox 0 0 3042 5146; ppageno 0'>
   <div class='ocr_carea' id='block_1_1' title="bbox 789 547 852 613">
    <p class='ocr_par' dir='ltr' id='par_1_1' title="bbox 789 547 852 613">
     <span class='ocr_line' id='line_1_1' title="bbox 789 547 852 613; baseline 0.032 -3"><span class='ocrx_word' id='word_1_1' title='bbox 789 547 852 613; x_wconf 81' lang='lat'><strong>118</strong></span> 
     </span>
    </p>
   </div>
   <div class='ocr_carea' id='block_1_2' title="bbox 343 726 1310 938">
    <p class='ocr_par' dir='ltr' id='par_1_2' title="bbox 343 726 1310 938">
     <span class='ocr_line' id='line_1_2' title="bbox 343 726 1309 820; baseline 0.005 -30"><span class='ocrx_word' id='word_1_2' title='bbox 343 726 461 792; x_wconf 85' lang='lat' dir='ltr'><strong>brarios</strong></span> <span class='ocrx_word' id='word_1_3' title='bbox 483 747 584 794; x_wconf 86' lang='lat' dir='ltr'><strong>serres</strong></span> <span class='ocrx_word' id='word_1_4' title='bbox 605 748 643 792; x_wconf 83' lang='lat' dir='ltr'><strong>eo</strong></span> <span class='ocrx_word' id='word_1_5' title='bbox 674 727 805 794; x_wconf 79' lang='lat' dir='ltr'><strong>consilio</strong></span> <span class='ocrx_word' id='word_1_6' title='bbox 825 726 925 806; x_wconf 84' lang='lat' dir='ltr'><strong>aluit,</strong></span> <span class='ocrx_word' id='word_1_7' title='bbox 951 739 985 793; x_wconf 83' lang='lat' dir='ltr'><strong>ut</strong></span> <span class='ocrx_word' id='word_1_8' title='bbox 1008 727 1096 792; x_wconf 86' lang='lat' dir='ltr'><strong>libris</strong></span> <span class='ocrx_word' id='word_1_9' title='bbox 1114 751 1188 794; x_wconf 86' lang='lat' dir='ltr'><strong>eum</strong></span> <span class='ocrx_word' id='word_1_10' title='bbox 1209 729 1309 820; x_wconf 77' lang='lat' dir='ltr'><strong>Cieo-</strong></span> 
     </span>
     <span class='ocr_line' id='line_1_3' title="bbox 343 846 1310 938; baseline 0.004 -25"><span class='ocrx_word' id='word_1_11' title='bbox 343 849 426 914; x_wconf 86' lang='lat' dir='ltr'><strong>renis</strong></span> <span class='ocrx_word' id='word_1_12' title='bbox 444 863 512 916; x_wconf 86' lang='lat' dir='ltr'><strong>turn</strong></span> <span class='ocrx_word' id='word_1_13' title='bbox 531 850 710 917; x_wconf 86' lang='lat' dir='ltr'><strong>reroetinm</strong></span> <span class='ocrx_word' id='word_1_14' title='bbox 731 849 865 916; x_wconf 85' lang='lat' dir='ltr'><strong>aliorum</strong></span> <span class='ocrx_word' id='word_1_15' title='bbox 887 850 1075 938; x_wconf 76' lang='lat' dir='ltr'><strong>scriptorum</strong></span> <span class='ocrx_word' id='word_1_16' title='bbox 1089 846 1310 918; x_wconf 82' lang='lat' dir='ltr'><strong>describendis</strong></span> 
     </span>
    </p>
   </div>
   <div class='ocr_carea' id='block_1_3' title="bbox 343 961 1308 1059">
    <p class='ocr_par' dir='ltr' id='par_1_3' title="bbox 343 961 1308 1059">
     <span class='ocr_line' id='line_1_4' title="bbox 343 961 1308 1059; baseline 0.006 -28"><span class='ocrx_word' id='word_1_17' title='bbox 343 989 409 1034; x_wconf 86' lang='lat' dir='ltr'><strong>rem</strong></span> <span class='ocrx_word' id='word_1_18' title='bbox 421 969 538 1035; x_wconf 82' lang='lat' dir='ltr'><strong>feceret</strong></span> <span class='ocrx_word' id='word_1_19' title='bbox 550 973 579 1037; x_wconf 89' lang='lat'><strong>¹.</strong></span> <span class='ocrx_word' id='word_1_20' title='bbox 603 970 728 1035; x_wconf 88' lang='lat' dir='ltr'><strong>Ludum</strong></span> <span class='ocrx_word' id='word_1_21' title='bbox 750 961 990 1059; x_wconf 76' lang='lat' dir='ltr'><strong>gladiatoiium,</strong></span> <span class='ocrx_word' id='word_1_22' title='bbox 1009 991 1104 1059; x_wconf 86' lang='lat' dir='ltr'><strong>quern</strong></span> <span class='ocrx_word' id='word_1_23' title='bbox 1120 971 1308 1037; x_wconf 86' lang='lat' dir='ltr'><strong>sibiemisse</strong></span> 
     </span>
    </p>
   </div>
   <div class='ocr_carea' id='block_1_4' title="bbox 342 1088 1400 1169">
    <p class='ocr_par' dir='ltr' id='par_1_4' title="bbox 342 1088 1400 1169">
     <span class='ocr_line' id='line_1_5' title="bbox 342 1088 1400 1169; baseline 0.002 -15"><span class='ocrx_word' id='word_1_24' title='bbox 342 1089 484 1154; x_wconf 77' lang='lat' dir='ltr'><strong>Atticum</strong></span> <span class='ocrx_word' id='word_1_25' title='bbox 504 1111 522 1152; x_wconf 88' lang='lat' dir='ltr'><strong>e</strong></span> <span class='ocrx_word' id='word_1_26' title='bbox 544 1089 695 1154; x_wconf 76' lang='lat' dir='ltr'><strong>Cicerone</strong></span> <span class='ocrx_word' id='word_1_27' title='bbox 725 1102 866 1169; x_wconf 77' lang='lat' dir='ltr'><strong>constat,</strong></span> <span class='ocrx_word' id='word_1_28' title='bbox 901 1088 961 1155; x_wconf 86' lang='lat' dir='ltr'><strong>hae</strong></span> <span class='ocrx_word' id='word_1_29' title='bbox 981 1111 1044 1155; x_wconf 85' lang='lat' dir='ltr'><strong>una</strong></span> <span class='ocrx_word' id='word_1_30' title='bbox 1065 1090 1105 1155; x_wconf 82' lang='lat' dir='ltr'><strong>de</strong></span> <span class='ocrx_word' id='word_1_31' title='bbox 1125 1113 1217 1158; x_wconf 63' lang='lat' dir='ltr'><strong>unsa</strong></span> <span class='ocrx_word' id='word_1_32' title='bbox 1239 1093 1304 1156; x_wconf 89' lang='lat' dir='ltr'><strong>sibi</strong></span> <span class='ocrx_word' id='word_1_33' title='bbox 1397 1117 1400 1122; x_wconf 88' lang='lat'><em>·</em></span> 
     </span>
    </p>
   </div>
   <div class='ocr_carea' id='block_1_5' title="bbox 341 1211 1306 1299">
    <p class='ocr_par' dir='ltr' id='par_1_5' title="bbox 341 1211 1306 1299">
     <span class='ocr_line' id='line_1_6' title="bbox 341 1211 1306 1299; baseline 0 -25"><span class='ocrx_word' id='word_1_34' title='bbox 341 1211 555 1298; x_wconf 82' lang='lat' dir='ltr'><strong>compararit,</strong></span> <span class='ocrx_word' id='word_1_35' title='bbox 593 1222 627 1274; x_wconf 85' lang='lat' dir='ltr'><strong>ut</strong></span> <span class='ocrx_word' id='word_1_36' title='bbox 649 1211 835 1298; x_wconf 73' lang='lat' dir='ltr'>gladiatores</span> <span class='ocrx_word' id='word_1_37' title='bbox 855 1233 947 1290; x_wconf 90' lang='lat' dir='ltr'><strong>suos,</strong></span> <span class='ocrx_word' id='word_1_38' title='bbox 982 1233 1039 1299; x_wconf 86' lang='lat' dir='ltr'><strong>per</strong></span> <span class='ocrx_word' id='word_1_39' title='bbox 1076 1211 1201 1278; x_wconf 85' lang='lat' dir='ltr'><strong>lanistas</strong></span> <span class='ocrx_word' id='word_1_40' title='bbox 1227 1211 1306 1276; x_wconf 83' lang='lat' dir='ltr'><strong>edo-</strong></span> 
     </span>
    </p>
   </div>
   <div class='ocr_carea' id='block_1_6' title="bbox 338 1328 1305 1538">
    <p class='ocr_par' dir='ltr' id='par_1_6' title="bbox 338 1328 1305 1538">
     <span class='ocr_line' id='line_1_7' title="bbox 340 1328 1305 1422; baseline -0.004 -24"><span class='ocrx_word' id='word_1_41' title='bbox 340 1345 405 1398; x_wconf 87' lang='lat' dir='ltr'><strong>otos</strong></span> <span class='ocrx_word' id='word_1_42' title='bbox 417 1380 426 1412; x_wconf 89' lang='lat'><strong><em>,</em></strong></span> <span class='ocrx_word' id='word_1_43' title='bbox 450 1332 680 1422; x_wconf 74' lang='lat' dir='ltr'><strong>magistratibus</strong></span> <span class='ocrx_word' id='word_1_44' title='bbox 701 1334 874 1413; x_wconf 81' lang='lat' dir='ltr'><strong>Romanis,</strong></span> <span class='ocrx_word' id='word_1_45' title='bbox 911 1355 1043 1398; x_wconf 84' lang='lat' dir='ltr'><strong>munera</strong></span> <span class='ocrx_word' id='word_1_46' title='bbox 1064 1330 1187 1421; x_wconf 90' lang='lat' dir='ltr'><strong>populo</strong></span> <span class='ocrx_word' id='word_1_47' title='bbox 1209 1328 1305 1396; x_wconf 84' lang='lat' dir='ltr'><strong>erbi-</strong></span> 
     </span>
     <span class='ocr_line' id='line_1_8' title="bbox 338 1447 1305 1538; baseline 0.005 -28"><span class='ocrx_word' id='word_1_48' title='bbox 338 1447 505 1527; x_wconf 79' lang='lat' dir='ltr'><strong>bentibus,</strong></span> <span class='ocrx_word' id='word_1_49' title='bbox 529 1471 641 1537; x_wconf 76' lang='lat' dir='ltr'><strong>magno</strong></span> <span class='ocrx_word' id='word_1_50' title='bbox 663 1449 766 1537; x_wconf 85' lang='lat' dir='ltr'><strong>pretio</strong></span> <span class='ocrx_word' id='word_1_51' title='bbox 789 1449 924 1514; x_wconf 84' lang='lat' dir='ltr'><strong>elooaret</strong></span> <span class='ocrx_word' id='word_1_52' title='bbox 941 1454 970 1516; x_wconf 81' lang='lat'><strong>².</strong></span> <span class='ocrx_word' id='word_1_53' title='bbox 1019 1449 1167 1538; x_wconf 79' lang='lat' dir='ltr'><strong>Denique</strong></span> <span class='ocrx_word' id='word_1_54' title='bbox 1192 1461 1305 1515; x_wconf 87' lang='lat' dir='ltr'><strong>contra</strong></span> 
     </span>
    </p>
   </div>
   <div class='ocr_carea' id='block_1_7' title="bbox 329 1622 1315 3998">
    <p class='ocr_par' dir='ltr' id='par_1_7' title="bbox 329 1622 1315 3392">
     <span class='ocr_line' id='line_1_9' title="bbox 337 1622 1305 1694; baseline 0.007 -20"><span class='ocrx_word' id='word_1_55' title='bbox 337 1622 451 1688; x_wconf 79' lang='lat' dir='ltr'><strong>pecunid</strong></span> <span class='ocrx_word' id='word_1_56' title='bbox 481 1624 639 1676; x_wconf 78' lang='lat' dir='ltr'><strong>collocandi</strong></span> <span class='ocrx_word' id='word_1_57' title='bbox 669 1627 784 1677; x_wconf 81' lang='lat' dir='ltr'>subinde</span> <span class='ocrx_word' id='word_1_58' title='bbox 809 1627 904 1677; x_wconf 86' lang='lat' dir='ltr'><strong>foenus</strong></span> <span class='ocrx_word' id='word_1_59' title='bbox 936 1628 989 1678; x_wconf 91' lang='lat' dir='ltr'><strong>sibi</strong></span> <span class='ocrx_word' id='word_1_60' title='bbox 1019 1645 1150 1694; x_wconf 82' lang='lat' dir='ltr'><strong>parasse,</strong></span> <span class='ocrx_word' id='word_1_61' title='bbox 1177 1631 1305 1694; x_wconf 80' lang='lat' dir='ltr'><strong>potuitne</strong></span> 
     </span>
     <span class='ocr_line' id='line_1_10' title="bbox 337 1721 1303 1793; baseline 0.003 -20"><span class='ocrx_word' id='word_1_62' title='bbox 337 1721 389 1775; x_wconf 90' lang='lat' dir='ltr'><strong>hoc</strong></span> <span class='ocrx_word' id='word_1_63' title='bbox 400 1743 415 1775; x_wconf 88' lang='grc' dir='ltr'><strong>ιι</strong></span> <span class='ocrx_word' id='word_1_64' title='bbox 427 1725 545 1793; x_wconf 80' lang='lat' dir='ltr'>Nepote,</span> <span class='ocrx_word' id='word_1_65' title='bbox 564 1745 648 1793; x_wconf 87' lang='lat' dir='ltr'><strong>quem</strong></span> <span class='ocrx_word' id='word_1_66' title='bbox 658 1727 763 1778; x_wconf 86' lang='lat' dir='ltr'><strong>nullius</strong></span> <span class='ocrx_word' id='word_1_67' title='bbox 774 1728 837 1778; x_wconf 85' lang='lat' dir='ltr'><strong>fidei</strong></span> <span class='ocrx_word' id='word_1_68' title='bbox 849 1728 1013 1792; x_wconf 78' lang='lat' dir='ltr'>scriptorem</span> <span class='ocrx_word' id='word_1_69' title='bbox 1025 1724 1147 1790; x_wconf 81' lang='lat' dir='ltr'><strong>habant,</strong></span> <span class='ocrx_word' id='word_1_70' title='bbox 1164 1733 1303 1792; x_wconf 85' lang='lat' dir='ltr'><strong>tanquam</strong></span> 
     </span>
     <span class='ocr_line' id='line_1_11' title="bbox 339 1825 1304 1891; baseline 0.003 -18"><span class='ocrx_word' id='word_1_71' title='bbox 339 1829 430 1874; x_wconf 86' lang='lat' dir='ltr'><strong>certus</strong></span> <span class='ocrx_word' id='word_1_72' title='bbox 457 1826 586 1891; x_wconf 81' lang='lat' dir='ltr'><strong>pecuniae</strong></span> <span class='ocrx_word' id='word_1_73' title='bbox 611 1827 716 1878; x_wconf 84' lang='lat' dir='ltr'><strong>reditus</strong></span> <span class='ocrx_word' id='word_1_74' title='bbox 734 1825 943 1878; x_wconf 77' lang='lat' dir='ltr'><strong>animadvertit</strong></span> <span class='ocrx_word' id='word_1_75' title='bbox 983 1827 1101 1878; x_wconf 83' lang='lat' dir='ltr'><strong>Debetne</strong></span> <span class='ocrx_word' id='word_1_76' title='bbox 1121 1826 1212 1876; x_wconf 75' lang='lat' dir='ltr'><strong>¹Attico</strong></span> <span class='ocrx_word' id='word_1_77' title='bbox 1230 1827 1304 1878; x_wconf 79' lang='lat' dir='ltr'><strong>vitio</strong></span> 
     </span>
     <span class='ocr_line' id='line_1_12' title="bbox 339 1922 1304 1994; baseline 0 -20"><span class='ocrx_word' id='word_1_78' title='bbox 339 1922 404 1974; x_wconf 86' lang='lat' dir='ltr'><strong>duel</strong></span> <span class='ocrx_word' id='word_1_79' title='bbox 429 1930 456 1976; x_wconf 87' lang='lat' dir='ltr'><strong>et</strong></span> <span class='ocrx_word' id='word_1_80' title='bbox 474 1923 591 1976; x_wconf 75' lang='lat' dir='ltr'>hodiene</span> <span class='ocrx_word' id='word_1_81' title='bbox 610 1925 694 1976; x_wconf 84' lang='lat' dir='ltr'><strong>alicui</strong></span> <span class='ocrx_word' id='word_1_82' title='bbox 713 1926 848 1988; x_wconf 80' lang='lat' dir='ltr'><strong>ducitur,</strong></span> <span class='ocrx_word' id='word_1_83' title='bbox 868 1926 972 1992; x_wconf 83' lang='lat' dir='ltr'><strong>siquis</strong></span> <span class='ocrx_word' id='word_1_84' title='bbox 990 1923 1069 1994; x_wconf 83' lang='lat' dir='ltr'><strong>justo</strong></span> <span class='ocrx_word' id='word_1_85' title='bbox 1087 1923 1197 1976; x_wconf 76' lang='lat' dir='ltr'><strong>foenore</strong></span> <span class='ocrx_word' id='word_1_86' title='bbox 1214 1943 1304 1992; x_wconf 87' lang='lat' dir='ltr'><strong>pecu-</strong></span> 
     </span>
     <span class='ocr_line' id='line_1_13' title="bbox 340 2021 1301 2092; baseline 0 -19"><span class='ocrx_word' id='word_1_87' title='bbox 340 2024 417 2074; x_wconf 80' lang='lat' dir='ltr'><strong>niam</strong></span> <span class='ocrx_word' id='word_1_88' title='bbox 441 2023 580 2076; x_wconf 80' lang='lat' dir='ltr'><strong>collocet?</strong></span> <span class='ocrx_word' id='word_1_89' title='bbox 608 2022 717 2092; x_wconf 89' lang='lat' dir='ltr'><strong>lnjusto</strong></span> <span class='ocrx_word' id='word_1_90' title='bbox 741 2031 833 2074; x_wconf 84' lang='lat' dir='ltr'><strong>sutem</strong></span> <span class='ocrx_word' id='word_1_91' title='bbox 852 2023 931 2074; x_wconf 88' lang='lat' dir='ltr'><strong>lucro</strong></span> <span class='ocrx_word' id='word_1_92' title='bbox 949 2039 1029 2073; x_wconf 88' lang='lat' dir='ltr'><strong>usum</strong></span> <span class='ocrx_word' id='word_1_93' title='bbox 1051 2021 1301 2081; x_wconf 68' lang='lat' dir='ltr'><strong>Antoninianae,</strong></span> 
     </span>
     <span class='ocr_line' id='line_1_14' title="bbox 339 2118 1303 2188; baseline 0.002 -16"><span class='ocrx_word' id='word_1_94' title='bbox 339 2118 433 2185; x_wconf 83' lang='lat' dir='ltr'>colligi</span> <span class='ocrx_word' id='word_1_95' title='bbox 445 2140 521 2188; x_wconf 83' lang='lat' dir='ltr'><strong>posse</strong></span> <span class='ocrx_word' id='word_1_96' title='bbox 540 2122 715 2174; x_wconf 85' lang='lat' dir='ltr'><strong>vehementer</strong></span> <span class='ocrx_word' id='word_1_97' title='bbox 733 2139 810 2186; x_wconf 84' lang='lat' dir='ltr'><strong>nego.</strong></span> <span class='ocrx_word' id='word_1_98' title='bbox 844 2123 972 2175; x_wconf 79' lang='lat' dir='ltr'><strong>Tentavit</strong></span> <span class='ocrx_word' id='word_1_99' title='bbox 990 2125 1064 2174; x_wconf 90' lang='lat' dir='ltr'><strong>idem</strong></span> <span class='ocrx_word' id='word_1_100' title='bbox 1085 2126 1197 2188; x_wconf 75' lang='lat' dir='ltr'><strong>Abbas,</strong></span> <span class='ocrx_word' id='word_1_101' title='bbox 1218 2125 1303 2174; x_wconf 85' lang='lat' dir='ltr'><strong>Cesa-</strong></span> 
     </span>
     <span class='ocr_line' id='line_1_15' title="bbox 340 2219 1303 2290; baseline 0.006 -22"><span class='ocrx_word' id='word_1_102' title='bbox 340 2225 407 2273; x_wconf 78' lang='lat' dir='ltr'><strong>rr&#39;ore</strong></span> <span class='ocrx_word' id='word_1_103' title='bbox 435 2241 464 2287; x_wconf 81' lang='lat' dir='ltr'><strong>p.</strong></span> <span class='ocrx_word' id='word_1_104' title='bbox 492 2224 562 2286; x_wconf 79' lang='lat'>331,</span> <span class='ocrx_word' id='word_1_105' title='bbox 591 2220 708 2272; x_wconf 81' lang='lat' dir='ltr'><strong>laudans</strong></span> <span class='ocrx_word' id='word_1_106' title='bbox 740 2223 851 2272; x_wconf 89' lang='lat' dir='ltr'><strong>Bosium</strong></span> <span class='ocrx_word' id='word_1_107' title='bbox 876 2222 911 2272; x_wconf 89' lang='lat' dir='ltr'><strong>ad</strong></span> <span class='ocrx_word' id='word_1_108' title='bbox 930 2219 1145 2289; x_wconf 75' lang='lat' dir='ltr'><strong>nih.V11.Ep.</strong></span> <span class='ocrx_word' id='word_1_109' title='bbox 1164 2224 1241 2290; x_wconf 62' lang='lat' dir='ltr'><strong>lut</strong></span> <span class='ocrx_word' id='word_1_110' title='bbox 1260 2224 1303 2287; x_wconf 80' lang='lat'><strong>5,</strong></span> 
     </span>
     <span class='ocr_line' id='line_1_16' title="bbox 337 2320 1303 2388; baseline -0.001 -19"><span class='ocrx_word' id='word_1_111' title='bbox 337 2320 405 2370; x_wconf 84' lang='lat' dir='ltr'><strong>ubi:</strong></span> <span class='ocrx_word' id='word_1_112' title='bbox 437 2323 593 2384; x_wconf 72' lang='lat' dir='ltr'><strong>‹Aenigma</strong></span> <span class='ocrx_word' id='word_1_113' title='bbox 622 2321 773 2388; x_wconf 83' lang='lat' dir='ltr'><strong>Oppiorum</strong></span> <span class='ocrx_word' id='word_1_114' title='bbox 801 2339 833 2372; x_wconf 82' lang='lat' dir='ltr'><strong>ex</strong></span> <span class='ocrx_word' id='word_1_115' title='bbox 864 2320 946 2372; x_wconf 83' lang='lat' dir='ltr'><strong>Velis</strong></span> <span class='ocrx_word' id='word_1_116' title='bbox 974 2321 1057 2388; x_wconf 89' lang='lat' dir='ltr'><strong>plane</strong></span> <span class='ocrx_word' id='word_1_117' title='bbox 1084 2339 1138 2371; x_wconf 88' lang='lat' dir='ltr'><strong>non</strong></span> <span class='ocrx_word' id='word_1_118' title='bbox 1164 2321 1303 2372; x_wconf 82' lang='lat' dir='ltr'><strong>intellexi.</strong></span> 
     </span>
     <span class='ocr_line' id='line_1_17' title="bbox 339 2421 1303 2477; baseline 0 -5"><span class='ocrx_word' id='word_1_119' title='bbox 339 2423 386 2473; x_wconf 85' lang='lat' dir='ltr'><strong>list</strong></span> <span class='ocrx_word' id='word_1_120' title='bbox 413 2423 486 2474; x_wconf 87' lang='lat' dir='ltr'><strong>enirn</strong></span> <span class='ocrx_word' id='word_1_121' title='bbox 515 2442 629 2476; x_wconf 87' lang='lat' dir='ltr'><strong>numero</strong></span> <span class='ocrx_word' id='word_1_122' title='bbox 649 2425 769 2477; x_wconf 72' lang='lat' dir='ltr'><strong>Platonis</strong></span> <span class='ocrx_word' id='word_1_123' title='bbox 788 2424 944 2474; x_wconf 86' lang='lat' dir='ltr'><strong>obscurius.</strong></span> <span class='ocrx_word' id='word_1_124' title='bbox 981 2424 1046 2472; x_wconf 83' lang='lat' dir='ltr'><strong>Jam</strong></span> <span class='ocrx_word' id='word_1_125' title='bbox 1063 2421 1189 2472; x_wconf 76' lang='lat' dir='ltr'><strong>intellexi</strong></span> <span class='ocrx_word' id='word_1_126' title='bbox 1212 2429 1303 2472; x_wconf 86' lang='lat' dir='ltr'><strong>tuum.</strong></span> 
     </span>
     <span class='ocr_line' id='line_1_18' title="bbox 340 2519 1304 2588; baseline 0 -18"><span class='ocrx_word' id='word_1_127' title='bbox 340 2522 439 2588; x_wconf 87' lang='lat' dir='ltr'><strong>Oppios</strong></span> <span class='ocrx_word' id='word_1_128' title='bbox 462 2524 535 2574; x_wconf 83' lang='lat' dir='ltr'><strong>enim</strong></span> <span class='ocrx_word' id='word_1_129' title='bbox 555 2525 588 2574; x_wconf 82' lang='lat' dir='ltr'><strong>‹le</strong></span> <span class='ocrx_word' id='word_1_130' title='bbox 607 2522 685 2574; x_wconf 74' lang='lat' dir='ltr'><strong>Velia</strong></span> <span class='ocrx_word' id='word_1_131' title='bbox 704 2541 821 2573; x_wconf 81' lang='lat' dir='ltr'><strong>sueeoaer</strong></span> <span class='ocrx_word' id='word_1_132' title='bbox 838 2521 908 2571; x_wconf 88' lang='lat' dir='ltr'><strong>dicis</strong></span> <span class='ocrx_word' id='word_1_133' title='bbox 920 2541 934 2567; x_wconf 82' lang='lat' dir='ltr'><strong>e</strong></span> <span class='ocrx_word' id='word_1_134' title='bbox 954 2519 1018 2570; x_wconf 73' lang='lat' dir='ltr'><strong>rell.</strong></span> <span class='ocrx_word' id='word_1_135' title='bbox 1057 2521 1119 2571; x_wconf 83' lang='lat' dir='ltr'><strong>Jsru</strong></span> <span class='ocrx_word' id='word_1_136' title='bbox 1139 2520 1205 2570; x_wconf 89' lang='lat' dir='ltr'><strong>audi</strong></span> <span class='ocrx_word' id='word_1_137' title='bbox 1223 2519 1304 2570; x_wconf 81' lang='lat' dir='ltr'><strong>festi-</strong></span> 
     </span>
     <span class='ocr_line' id='line_1_19' title="bbox 337 2616 1303 2689; baseline -0.001 -19"><span class='ocrx_word' id='word_1_138' title='bbox 337 2638 399 2672; x_wconf 79' lang='lat' dir='ltr'><strong>vum</strong></span> <span class='ocrx_word' id='word_1_139' title='bbox 429 2625 543 2674; x_wconf 77' lang='lat' dir='ltr'><strong>Abbatis</strong></span> <span class='ocrx_word' id='word_1_140' title='bbox 561 2623 712 2689; x_wconf 73' lang='lat' dir='ltr'><strong>ineptiemr</strong></span> <span class='ocrx_word' id='word_1_141' title='bbox 733 2621 786 2672; x_wconf 78' lang='grc' dir='ltr'><strong>«ΙΙ</strong></span> <span class='ocrx_word' id='word_1_142' title='bbox 801 2616 939 2688; x_wconf 82' lang='lat' dir='ltr'><strong>(Atticus)</strong></span> <span class='ocrx_word' id='word_1_143' title='bbox 960 2622 1038 2670; x_wconf 73' lang='lat' dir='ltr'><strong>tenuit</strong></span> <span class='ocrx_word' id='word_1_144' title='bbox 1051 2619 1156 2688; x_wconf 83' lang='lat' dir='ltr'><strong>Banqua</strong></span> <span class='ocrx_word' id='word_1_145' title='bbox 1173 2621 1187 2667; x_wconf 78' lang='lat' dir='ltr'><strong>d</strong></span> <span class='ocrx_word' id='word_1_146' title='bbox 1206 2620 1281 2669; x_wconf 81' lang='lat' dir='ltr'><strong>Reme</strong></span> <span class='ocrx_word' id='word_1_147' title='bbox 1290 2655 1303 2682; x_wconf 90' lang='lat'><em>,</em></span> 
     </span>
     <span class='ocr_line' id='line_1_20' title="bbox 338 2717 1305 2792; baseline 0 -23"><span class='ocrx_word' id='word_1_148' title='bbox 338 2721 401 2772; x_wconf 80' lang='lat' dir='ltr'><strong>deus</strong></span> <span class='ocrx_word' id='word_1_149' title='bbox 426 2743 453 2772; x_wconf 75' lang='lat' dir='ltr'><strong>aa</strong></span> <span class='ocrx_word' id='word_1_150' title='bbox 479 2743 563 2792; x_wconf 82' lang='lat' dir='ltr'><strong>propre</strong></span> <span class='ocrx_word' id='word_1_151' title='bbox 594 2723 707 2785; x_wconf 76' lang='lat' dir='ltr'><strong>Meiros,</strong></span> <span class='ocrx_word' id='word_1_152' title='bbox 737 2741 791 2771; x_wconf 80' lang='lat' dir='ltr'><strong>rous</strong></span> <span class='ocrx_word' id='word_1_153' title='bbox 821 2720 846 2768; x_wconf 84' lang='lat' dir='ltr'><strong>le</strong></span> <span class='ocrx_word' id='word_1_154' title='bbox 875 2737 927 2768; x_wconf 80' lang='lat' dir='ltr'><strong>nem</strong></span> <span class='ocrx_word' id='word_1_155' title='bbox 956 2717 986 2766; x_wconf 82' lang='lat' dir='ltr'><strong>de</strong></span> <span class='ocrx_word' id='word_1_156' title='bbox 1012 2719 1119 2768; x_wconf 81' lang='lat' dir='ltr'><strong>certar&#39;ns</strong></span> <span class='ocrx_word' id='word_1_157' title='bbox 1137 2717 1224 2788; x_wconf 74' lang='lat' dir='ltr'><strong>Oppius</strong></span> <span class='ocrx_word' id='word_1_158' title='bbox 1230 2754 1242 2783; x_wconf 90' lang='lat'><em>,</em></span> <span class='ocrx_word' id='word_1_159' title='bbox 1261 2722 1305 2788; x_wconf 82' lang='lat' dir='ltr'><strong>qur&#39;</strong></span> 
     </span>
     <span class='ocr_line' id='line_1_21' title="bbox 338 2795 1315 2887; baseline -0.006 -12"><span class='ocrx_word' id='word_1_160' title='bbox 338 2826 430 2875; x_wconf 75' lang='lat' dir='ltr'><strong>dtor&#39;ent</strong></span> <span class='ocrx_word' id='word_1_161' title='bbox 454 2826 469 2872; x_wconf 85' lang='lat' dir='ltr'><strong>d</strong></span> <span class='ocrx_word' id='word_1_162' title='bbox 499 2843 539 2872; x_wconf 82' lang='lat' dir='ltr'><strong>son</strong></span> <span class='ocrx_word' id='word_1_163' title='bbox 571 2825 678 2886; x_wconf 76' lang='lat' dir='ltr'><strong>lanugo,</strong></span> <span class='ocrx_word' id='word_1_164' title='bbox 710 2831 735 2870; x_wconf 78' lang='lat' dir='ltr'><strong>et</strong></span> <span class='ocrx_word' id='word_1_165' title='bbox 759 2822 802 2887; x_wconf 79' lang='lat' dir='ltr'><strong>qui</strong></span> <span class='ocrx_word' id='word_1_166' title='bbox 831 2837 860 2868; x_wconf 86' lang='lat' dir='ltr'><strong>en</strong></span> <span class='ocrx_word' id='word_1_167' title='bbox 882 2820 1008 2881; x_wconf 77' lang='lat' dir='ltr'><strong>sar&#39;sor&#39;m</strong></span> <span class='ocrx_word' id='word_1_168' title='bbox 1035 2819 1179 2880; x_wconf 72' lang='lat' dir='ltr'><strong>Proser-rior</strong></span> <span class='ocrx_word' id='word_1_169' title='bbox 1197 2795 1315 2870; x_wconf 19' lang='lat' dir='ltr'><strong>obverte.-</strong></span> 
     </span>
     <span class='ocr_line' id='line_1_22' title="bbox 337 2903 1302 2990; baseline -0.005 -20"><span class='ocrx_word' id='word_1_170' title='bbox 337 2922 425 2984; x_wconf 62' lang='grc' dir='ltr'><strong><em>Μαῖα,</em></strong></span> <span class='ocrx_word' id='word_1_171' title='bbox 448 2920 474 2984; x_wconf 86' lang='lat' dir='ltr'><em>j</em></span> <span class='ocrx_word' id='word_1_172' title='bbox 496 2921 619 2990; x_wconf 74' lang='lat' dir='ltr'><strong>perdurare</strong></span> <span class='ocrx_word' id='word_1_173' title='bbox 638 2923 651 2968; x_wconf 69' lang='lat' dir='ltr'><strong>a*</strong></span> <span class='ocrx_word' id='word_1_174' title='bbox 671 2918 753 2987; x_wconf 79' lang='lat' dir='ltr'><strong>Nepos</strong></span> <span class='ocrx_word' id='word_1_175' title='bbox 771 2918 801 2967; x_wconf 83' lang='lat' dir='ltr'><strong>de</strong></span> <span class='ocrx_word' id='word_1_176' title='bbox 821 2919 842 2966; x_wconf 85' lang='lat' dir='ltr'><strong>l’</strong></span> <span class='ocrx_word' id='word_1_177' title='bbox 862 2921 932 2967; x_wconf 72' lang='lat' dir='ltr'><strong>avoir</strong></span> <span class='ocrx_word' id='word_1_178' title='bbox 947 2919 1052 2982; x_wconf 42' lang='lat' dir='ltr'><strong>ignore}</strong></span> <span class='ocrx_word' id='word_1_179' title='bbox 1068 2903 1134 2982; x_wconf 58' lang='lat' dir='ltr'><strong>ear,</strong></span> <span class='ocrx_word' id='word_1_180' title='bbox 1154 2918 1185 2968; x_wconf 82' lang='lat' dir='ltr'><strong>de</strong></span> <span class='ocrx_word' id='word_1_181' title='bbox 1202 2919 1228 2968; x_wconf 84' lang='lat' dir='ltr'><strong>Ia</strong></span> <span class='ocrx_word' id='word_1_182' title='bbox 1247 2937 1302 2966; x_wconf 81' lang='lat' dir='ltr'><strong>nra-</strong></span> 
     </span>
     <span class='ocr_line' id='line_1_23' title="bbox 339 3019 1307 3088; baseline 0.003 -20"><span class='ocrx_word' id='word_1_183' title='bbox 339 3022 406 3070; x_wconf 81' lang='lat' dir='ltr'><strong>nr&#39;ere</strong></span> <span class='ocrx_word' id='word_1_184' title='bbox 434 3019 627 3087; x_wconf 81' lang='lat' dir='ltr'><strong>Enigmalique</strong></span> <span class='ocrx_word' id='word_1_185' title='bbox 652 3019 713 3070; x_wconf 79' lang='lat' dir='ltr'><strong>dont</strong></span> <span class='ocrx_word' id='word_1_186' title='bbox 727 3019 825 3070; x_wconf 76' lang='lat' dir='ltr'><strong>Atticus</strong></span> <span class='ocrx_word' id='word_1_187' title='bbox 844 3040 872 3070; x_wconf 86' lang='lat' dir='ltr'><strong>eu</strong></span> <span class='ocrx_word' id='word_1_188' title='bbox 889 3021 959 3088; x_wconf 80' lang='lat' dir='ltr'><strong>pnrle</strong></span> <span class='ocrx_word' id='word_1_189' title='bbox 979 3022 993 3068; x_wconf 82' lang='lat' dir='ltr'><strong>d</strong></span> <span class='ocrx_word' id='word_1_190' title='bbox 1011 3021 1135 3081; x_wconf 81' lang='lat' dir='ltr'><strong>Cicerae,</strong></span> <span class='ocrx_word' id='word_1_191' title='bbox 1155 3021 1178 3068; x_wconf 79' lang='lat' dir='ltr'><strong>it</strong></span> <span class='ocrx_word' id='word_1_192' title='bbox 1194 3032 1235 3070; x_wconf 80' lang='lat' dir='ltr'><strong>est</strong></span> <span class='ocrx_word' id='word_1_193' title='bbox 1249 3023 1307 3071; x_wconf 63' lang='lat' dir='ltr'><strong>arie&#39;</strong></span> 
     </span>
     <span class='ocr_line' id='line_1_24' title="bbox 340 3119 1304 3192; baseline -0.001 -21"><span class='ocrx_word' id='word_1_194' title='bbox 340 3123 369 3172; x_wconf 82' lang='lat' dir='ltr'><strong>de</strong></span> <span class='ocrx_word' id='word_1_195' title='bbox 392 3121 480 3189; x_wconf 80' lang='lat' dir='ltr'><strong>juger,</strong></span> <span class='ocrx_word' id='word_1_196' title='bbox 504 3121 569 3192; x_wconf 72' lang='lat' dir='ltr'><strong>qu&#39;r&#39;l</strong></span> <span class='ocrx_word' id='word_1_197' title='bbox 586 3127 638 3172; x_wconf 85' lang='lat' dir='ltr'><strong>s&#39;en</strong></span> <span class='ocrx_word' id='word_1_198' title='bbox 659 3121 755 3171; x_wconf 76' lang='lat' dir='ltr'><strong>eaeloit</strong></span> <span class='ocrx_word' id='word_1_199' title='bbox 771 3140 830 3171; x_wconf 70' lang='lat' dir='ltr'><strong>aser</strong></span> <span class='ocrx_word' id='word_1_200' title='bbox 849 3140 881 3169; x_wconf 83' lang='lat' dir='ltr'><strong>rrn</strong></span> <span class='ocrx_word' id='word_1_201' title='bbox 901 3121 952 3170; x_wconf 75' lang='lat' dir='ltr'><strong>sain</strong></span> <span class='ocrx_word' id='word_1_202' title='bbox 972 3122 1104 3182; x_wconf 56' lang='lat' dir='ltr'><strong>extreme,</strong></span> <span class='ocrx_word' id='word_1_203' title='bbox 1123 3132 1152 3170; x_wconf 77' lang='lat' dir='ltr'><strong>et</strong></span> <span class='ocrx_word' id='word_1_204' title='bbox 1167 3121 1230 3189; x_wconf 82' lang='lat' dir='ltr'><strong>qu&#39;il</strong></span> <span class='ocrx_word' id='word_1_205' title='bbox 1245 3119 1304 3170; x_wconf 69' lang='lat' dir='ltr'><strong>n&#39;eri</strong></span> 
     </span>
     <span class='ocr_line' id='line_1_25' title="bbox 329 3225 1302 3303; baseline -0.004 -25"><span class='ocrx_word' id='word_1_206' title='bbox 329 3231 425 3290; x_wconf 79' lang='lat' dir='ltr'><strong>sar&#39;soit</strong></span> <span class='ocrx_word' id='word_1_207' title='bbox 447 3247 493 3299; x_wconf 81' lang='lat' dir='ltr'><strong>par</strong></span> <span class='ocrx_word' id='word_1_208' title='bbox 518 3227 657 3294; x_wconf 77' lang='lat' dir='ltr'><strong>corfidenee</strong></span> <span class='ocrx_word' id='word_1_209' title='bbox 675 3229 689 3276; x_wconf 82' lang='grc' dir='ltr'><em>ὰ</em></span> <span class='ocrx_word' id='word_1_210' title='bbox 709 3245 750 3303; x_wconf 76' lang='lat' dir='ltr'><strong>sors</strong></span> <span class='ocrx_word' id='word_1_211' title='bbox 770 3225 935 3276; x_wconf 69' lang='lat' dir='ltr'><strong>Historiae».</strong></span> <span class='ocrx_word' id='word_1_212' title='bbox 973 3225 1025 3275; x_wconf 85' lang='lat' dir='ltr'><strong>Hoc</strong></span> <span class='ocrx_word' id='word_1_213' title='bbox 1044 3225 1179 3276; x_wconf 88' lang='lat' dir='ltr'><strong>nimirum</strong></span> <span class='ocrx_word' id='word_1_214' title='bbox 1199 3233 1239 3275; x_wconf 86' lang='lat' dir='ltr'><strong>est</strong></span> <span class='ocrx_word' id='word_1_215' title='bbox 1256 3243 1302 3274; x_wconf 81' lang='lat' dir='ltr'><strong>se-</strong></span> 
     </span>
     <span class='ocr_line' id='line_1_26' title="bbox 337 3327 743 3392; baseline 0.005 -16"><span class='ocrx_word' id='word_1_216' title='bbox 337 3329 428 3392; x_wconf 84' lang='lat' dir='ltr'><strong>nigmu</strong></span> <span class='ocrx_word' id='word_1_217' title='bbox 448 3329 600 3391; x_wconf 76' lang='lat' dir='ltr'><strong>aenigmate</strong></span> <span class='ocrx_word' id='word_1_218' title='bbox 619 3327 743 3378; x_wconf 83' lang='lat' dir='ltr'><strong>solvere!</strong></span> 
     </span>
    </p>

    <p class='ocr_par' dir='ltr' id='par_1_8' title="bbox 377 3417 1034 3498">
     <span class='ocr_line' id='line_1_27' title="bbox 377 3417 1034 3498; baseline 0.005 -21"><span class='ocrx_word' id='word_1_219' title='bbox 377 3417 388 3451; x_wconf 85' lang='lat'><strong>¹</strong></span> <span class='ocrx_word' id='word_1_220' title='bbox 428 3429 464 3477; x_wconf 87' lang='lat' dir='ltr'><strong>De</strong></span> <span class='ocrx_word' id='word_1_221' title='bbox 482 3426 517 3477; x_wconf 83' lang='lat' dir='ltr'><strong>iis</strong></span> <span class='ocrx_word' id='word_1_222' title='bbox 535 3445 595 3492; x_wconf 80' lang='lat' dir='ltr'><strong>cap.</strong></span> <span class='ocrx_word' id='word_1_223' title='bbox 615 3425 679 3478; x_wconf 87' lang='lat' dir='ltr'><strong>Vll.</strong></span> <span class='ocrx_word' id='word_1_224' title='bbox 695 3429 790 3494; x_wconf 82' lang='lat' dir='ltr'><strong>paucis</strong></span> <span class='ocrx_word' id='word_1_225' title='bbox 810 3447 888 3494; x_wconf 79' lang='lat' dir='ltr'><strong>agere</strong></span> <span class='ocrx_word' id='word_1_226' title='bbox 907 3429 1034 3498; x_wconf 82' lang='lat' dir='ltr'><strong>jurabit.</strong></span> 
     </span>
    </p>

    <p class='ocr_par' dir='ltr' id='par_1_9' title="bbox 335 3501 1307 3998">
     <span class='ocr_line' id='line_1_28' title="bbox 375 3501 1307 3602; baseline 0.011 -27"><span class='ocrx_word' id='word_1_227' title='bbox 375 3523 387 3556; x_wconf 84' lang='lat'>²</span> <span class='ocrx_word' id='word_1_228' title='bbox 429 3527 471 3576; x_wconf 78' lang='lat' dir='ltr'><strong>ru</strong></span> <span class='ocrx_word' id='word_1_229' title='bbox 491 3525 656 3590; x_wconf 68' lang='lat' dir='ltr'><strong>uongauua</strong></span> <span class='ocrx_word' id='word_1_230' title='bbox 674 3527 795 3594; x_wconf 74' lang='lat' dir='ltr'><strong>explicat</strong></span> <span class='ocrx_word' id='word_1_231' title='bbox 812 3531 871 3582; x_wconf 75' lang='lat' dir='ltr'><strong>riu.</strong></span> <span class='ocrx_word' id='word_1_232' title='bbox 894 3531 939 3582; x_wconf 86' lang='lat' dir='ltr'><strong>rr.</strong></span> <span class='ocrx_word' id='word_1_233' title='bbox 959 3534 992 3581; x_wconf 67' lang='lat' dir='ltr'><strong>aa</strong></span> <span class='ocrx_word' id='word_1_234' title='bbox 1009 3533 1065 3584; x_wconf 68' lang='lat' dir='ltr'><strong>Ars.</strong></span> <span class='ocrx_word' id='word_1_235' title='bbox 1084 3535 1135 3599; x_wconf 76' lang='lat' dir='ltr'><strong>up.</strong></span> <span class='ocrx_word' id='word_1_236' title='bbox 1154 3530 1168 3599; x_wconf 76' lang='lat'><strong><em>4</em></strong></span> <span class='ocrx_word' id='word_1_237' title='bbox 1188 3535 1216 3584; x_wconf 83' lang='lat' dir='ltr'><strong>u.</strong></span> <span class='ocrx_word' id='word_1_238' title='bbox 1235 3533 1249 3602; x_wconf 65' lang='grc' dir='ltr'><strong>ι·</strong></span> <span class='ocrx_word' id='word_1_239' title='bbox 1268 3501 1307 3597; x_wconf 59' lang='grc' dir='ltr'><strong>ιζ</strong></span> 
     </span>
     <span class='ocr_line' id='line_1_29' title="bbox 337 3627 1303 3698; baseline 0.003 -21"><span class='ocrx_word' id='word_1_240' title='bbox 337 3645 408 3693; x_wconf 84' lang='lat' dir='ltr'><strong>quae</strong></span> <span class='ocrx_word' id='word_1_241' title='bbox 436 3627 529 3693; x_wconf 90' lang='lat' dir='ltr'><strong>opinio</strong></span> <span class='ocrx_word' id='word_1_242' title='bbox 547 3634 608 3695; x_wconf 89' lang='lat' dir='ltr'><strong>post</strong></span> <span class='ocrx_word' id='word_1_243' title='bbox 632 3645 694 3678; x_wconf 87' lang='lat' dir='ltr'><strong>eum</strong></span> <span class='ocrx_word' id='word_1_244' title='bbox 713 3633 869 3681; x_wconf 86' lang='lat' dir='ltr'><strong>eommunis</strong></span> <span class='ocrx_word' id='word_1_245' title='bbox 899 3632 1024 3682; x_wconf 87' lang='lat' dir='ltr'><strong>omnium</strong></span> <span class='ocrx_word' id='word_1_246' title='bbox 1044 3631 1102 3682; x_wconf 83' lang='lat' dir='ltr'><strong>fere</strong></span> <span class='ocrx_word' id='word_1_247' title='bbox 1120 3633 1303 3698; x_wconf 84' lang='lat' dir='ltr'><strong>interpretum</strong></span> 
     </span>
     <span class='ocr_line' id='line_1_30' title="bbox 338 3726 1304 3799; baseline -0.001 -20"><span class='ocrx_word' id='word_1_248' title='bbox 338 3729 403 3782; x_wconf 81' lang='lat' dir='ltr'><strong>fuit.</strong></span> <span class='ocrx_word' id='word_1_249' title='bbox 421 3731 461 3785; x_wconf 76' lang='lat' dir='ltr'><strong>Cf.</strong></span> <span class='ocrx_word' id='word_1_250' title='bbox 488 3726 631 3795; x_wconf 84' lang='lat' dir='ltr'><strong>Bernard,</strong></span> <span class='ocrx_word' id='word_1_251' title='bbox 652 3729 717 3782; x_wconf 82' lang='lat' dir='ltr'><strong>Nor.</strong></span> <span class='ocrx_word' id='word_1_252' title='bbox 743 3734 805 3799; x_wconf 76' lang='lat' dir='ltr'><strong>reip.</strong></span> <span class='ocrx_word' id='word_1_253' title='bbox 823 3733 862 3784; x_wconf 74' lang='lat' dir='ltr'><strong>lu.</strong></span> <span class='ocrx_word' id='word_1_254' title='bbox 880 3751 910 3798; x_wconf 88' lang='lat' dir='ltr'><strong>p.</strong></span> <span class='ocrx_word' id='word_1_255' title='bbox 930 3733 982 3784; x_wconf 71' lang='lat'><strong>299</strong></span> <span class='ocrx_word' id='word_1_256' title='bbox 999 3750 1040 3798; x_wconf 85' lang='lat' dir='ltr'><strong>sq.</strong></span> <span class='ocrx_word' id='word_1_257' title='bbox 1059 3731 1175 3782; x_wconf 81' lang='lat' dir='ltr'><strong>Difficile</strong></span> <span class='ocrx_word' id='word_1_258' title='bbox 1193 3730 1304 3780; x_wconf 87' lang='lat' dir='ltr'><strong>omnino</strong></span> 
     </span>
     <span class='ocr_line' id='line_1_31' title="bbox 337 3829 1303 3898; baseline -0.003 -17"><span class='ocrx_word' id='word_1_259' title='bbox 337 3839 377 3881; x_wconf 79' lang='lat' dir='ltr'><strong>est</strong></span> <span class='ocrx_word' id='word_1_260' title='bbox 403 3838 543 3892; x_wconf 82' lang='lat' dir='ltr'><strong>statuere,</strong></span> <span class='ocrx_word' id='word_1_261' title='bbox 562 3831 632 3898; x_wconf 88' lang='lat' dir='ltr'><strong>quid</strong></span> <span class='ocrx_word' id='word_1_262' title='bbox 650 3829 711 3883; x_wconf 91' lang='lat' dir='ltr'><strong>illis</strong></span> <span class='ocrx_word' id='word_1_263' title='bbox 729 3829 934 3896; x_wconf 79' lang='lat' dir='ltr'><strong>gladiatoribus</strong></span> <span class='ocrx_word' id='word_1_264' title='bbox 954 3831 1063 3883; x_wconf 76' lang='lat' dir='ltr'><strong>Atticus</strong></span> <span class='ocrx_word' id='word_1_265' title='bbox 1081 3830 1214 3886; x_wconf 88' lang='lat' dir='ltr'><strong>voluerit.</strong></span> <span class='ocrx_word' id='word_1_266' title='bbox 1231 3831 1303 3879; x_wconf 88' lang='lat' dir='ltr'><strong>Eum</strong></span> 
     </span>
     <span class='ocr_line' id='line_1_32' title="bbox 335 3928 1304 3998; baseline -0.005 -17"><span class='ocrx_word' id='word_1_267' title='bbox 335 3932 524 3984; x_wconf 82' lang='lat' dir='ltr'><strong>delectationis</strong></span> <span class='ocrx_word' id='word_1_268' title='bbox 543 3932 624 3983; x_wconf 69' lang='lat' dir='ltr'><strong>causi</strong></span> <span class='ocrx_word' id='word_1_269' title='bbox 641 3931 742 3982; x_wconf 87' lang='lat' dir='ltr'><strong>ludum</strong></span> <span class='ocrx_word' id='word_1_270' title='bbox 761 3933 882 3998; x_wconf 85' lang='lat' dir='ltr'><strong>emisse,</strong></span> <span class='ocrx_word' id='word_1_271' title='bbox 902 3949 959 3982; x_wconf 89' lang='lat' dir='ltr'><strong>non</strong></span> <span class='ocrx_word' id='word_1_272' title='bbox 972 3931 1104 3997; x_wconf 80' lang='lat' dir='ltr'><strong>oredam3</strong></span> <span class='ocrx_word' id='word_1_273' title='bbox 1120 3928 1304 3980; x_wconf 88' lang='lat' dir='ltr'><strong>multoetiam</strong></span> 
     </span>
    </p>
   </div>
   <div class='ocr_carea' id='block_1_8' title="bbox 335 4027 1303 4098">
    <p class='ocr_par' dir='ltr' id='par_1_10' title="bbox 335 4027 1303 4098">
     <span class='ocr_line' id='line_1_33' title="bbox 335 4027 1303 4098; baseline -0.008 -16"><span class='ocrx_word' id='word_1_274' title='bbox 335 4034 448 4098; x_wconf 87' lang='lat' dir='ltr'><strong>minus,</strong></span> <span class='ocrx_word' id='word_1_275' title='bbox 478 4039 508 4081; x_wconf 93' lang='lat' dir='ltr'><strong>ut</strong></span> <span class='ocrx_word' id='word_1_276' title='bbox 538 4033 595 4096; x_wconf 88' lang='lat' dir='ltr'><strong>ipse</strong></span> <span class='ocrx_word' id='word_1_277' title='bbox 626 4047 702 4080; x_wconf 89' lang='lat' dir='ltr'><strong>more</strong></span> <span class='ocrx_word' id='word_1_278' title='bbox 730 4031 866 4098; x_wconf 87' lang='lat' dir='ltr'><strong>principis</strong></span> <span class='ocrx_word' id='word_1_279' title='bbox 894 4029 1031 4098; x_wconf 86' lang='lat' dir='ltr'><strong>cujusque</strong></span> <span class='ocrx_word' id='word_1_280' title='bbox 1057 4027 1172 4080; x_wconf 84' lang='lat' dir='ltr'><strong>llornani</strong></span> <span class='ocrx_word' id='word_1_281' title='bbox 1189 4041 1303 4076; x_wconf 84' lang='lat' dir='ltr'><strong>munera</strong></span> 
     </span>
    </p>
   </div>
   <div class='ocr_carea' id='block_1_9' title="bbox 0 0 1524 5143">
    <p class='ocr_par' dir='ltr' id='par_1_11' title="bbox 0 0 1524 5143">
     <span class='ocr_line' id='line_1_34' title="bbox 0 0 1524 5143; baseline 0 0"><span class='ocrx_word' id='word_1_282' title='bbox 0 0 1524 5143; x_wconf 95' lang='lat' dir='ltr'><strong> </strong></span> 
     </span>
    </p>
   </div>
  </div>
 </body>
</html>
