2988 5144
412 1183 585 1301 ‘tuaest
625 1145 895 1279 fluertrtm.

176 1474 260 1568 *arra
292 1497 402 1566 arrror
438 1515 478 1562 rs
512 1501 597 1565 anno
640 1495 776 1564 rnrarrs
808 1517 1005 1564 sarrorsrno
1038 1483 1139 1567 sarrit

537 1641 603 1708 an
625 1639 769 1686 nonrrrr.
842 1699 844 1706 Ι

256 1743 320 1810 ‘ss
341 1743 379 1811 r.
404 1743 444 1809 o.
472 1739 507 1808 o,
538 1742 720 1806 ‘arr-raa
753 1742 808 1827 (r.
834 1740 869 1806 o.
892 1737 1053 1828 ‘rs-aa).

570 2055 736 2080 QG&

184 2389 188 2402 ι
235 2308 324 2374 Bello
361 2306 532 2377 Mutinensi
571 2309 651 2372 inter
681 2305 870 2385 Octavium,
916 2293 1088 2374 Antonium
1115 2279 1147 2376 dt

185 2407 231 2503 ll.
259 2429 393 2500 Brutum
414 2445 521 2521 gesto,
558 2431 711 2498 Antonios
732 2432 855 2497 Italiam
882 2433 1060 2523 relinquere
1083 2435 1144 2502 fuit

187 2570 334 2636 coaetus,
359 2555 482 2646 patriae
504 2553 600 2622 hostis
616 2554 787 2643 judicatus.
836 2555 971 2622 Uxorem
993 2558 1059 2644 ejus
1072 2556 1146 2622 Fuf-

180 2653 293 2757 ¹viam,
319 2678 434 2743 liberos
458 2699 494 2744 ao
515 2674 684 2741 familiares
713 2657 780 2740 tum
812 2675 952 2762 plurimi·
979 2677 1066 2765 iique
1090 2655 1147 2764 pol

180 2794 356 2866 ¹tentissimi
378 2798 522 2865 certatim
545 2796 669 2862 laedere
699 2808 731 2859 et
757 2794 889 2883 spoliare
921 2796 1146 2875 instituebant,

194 2918 361 2986 studebant
378 2921 472 2984 etiam
497 2905 696 2998 interficere,
721 2918 837 3007 partim
859 2917 930 2983 odio
948 2918 1056 2998 ducti,
1077 2943 1150 3008 par-

192 3043 248 3106 tim
273 3022 454 3106 imbellibus
473 3041 539 3106 istis
558 3040 781 3129 persequendis
802 3039 963 3127 gloriolam
981 3039 1041 3105 sibi
1061 3062 1147 3104 oom-

182 3161 490 3250 'mendationemque
521 3173 646 3255 captare
679 3161 854 3248 cupientes.
910 3160 972 3226 Sed
1002 3162 1148 3240 Atticus,

193 3282 332 3371 quamvis
356 3280 535 3361 Ciceronis,
562 3285 699 3349 Antonio
723 3285 857 3348 maxime
888 3284 1073 3362 adversarii,
1099 3285 1148 3348 in-

184 3401 269 3468 'tima
286 3403 437 3490 gauderet
449 3397 667 3471 familiaritate
679 3450 690 3483 ,
703 3392 857 3494 'quamvis
869 3405 967 3470 Bruto
980 3453 990 3485 ,
1015 3426 1151 3492 quocum

195 3522 248 3588 ille
270 3525 365 3590 armis
385 3539 600 3614 pugnaverat,
625 3539 702 3591 esset
725 3512 950 3608 amicissimus3
977 3527 1020 3592 ita
1042 3551 1153 3616 parom

195 3648 360 3712 honestum
384 3637 714 3737 aliorumeremplum
738 3671 771 3712 re
791 3648 871 3714 risus
890 3661 935 3712 est
956 3648 1154 3736 improbare,

197 3781 230 3832 ut
254 3767 394 3834 Fulviam
410 3792 598 3859 quacunque
620 3793 652 3834 re
663 3783 766 3860 posset
789 3783 997 3850 sustentaret,
1022 3769 1153 3836 Antonii

197 3875 426 3968 familiaribus,
463 3911 499 3952 err
532 3891 609 3954 urbe
637 3873 911 3979 profugientibus,
946 3889 1031 3952 omni
1062 3892 1155 3978 operti

197 4008 346 4074 auxilium
370 4020 540 4097 praestaret
559 4010 788 4100 inprimisque
808 4009 943 4099 pecuniis
975 4031 1026 4074 eos
1058 4010 1152 4098 adju·

187 4101 305 4208 ¹'v'aret,
332 4152 409 4218 quor
439 4131 519 4196 inter
551 4131 586 4197 P.
618 4129 823 4198 Volumnium
859 4131 1061 4220 Eutrapelum
1094 4125 1151 4194 frlii
