2970 5144
846 609 866 670 8

389 791 545 881 neglexit,
576 802 610 855 ut
640 787 764 854 tandem
796 795 1015 874 cognoscerent
1037 782 1202 871 aequales,
1234 781 1366 870 quanti

388 914 448 978 riri
470 914 682 980 familiaritate
700 910 804 999 Nepos
825 907 973 996 gauderet
989 907 1018 974 ¹.
1038 901 1066 970 0
1086 902 1261 970 demissam
1283 927 1366 968 sen·
1433 959 1437 966 .

389 1036 519 1101 tentiam
541 1055 736 1124 parvumque
756 1030 917 1095 animum!
944 1027 1036 1113 Quasi
1066 1046 1139 1091 rero
1167 1025 1209 1089 de
1237 1025 1364 1091 Attico

391 1156 557 1235 ementiri,
580 1155 613 1220 id
632 1155 738 1221 fuisset
749 1175 892 1244 magnam
905 1151 965 1217 sibi
989 1151 1119 1241 gloriam
1141 1152 1366 1239 comparare!

392 1271 474 1340 Sane
504 1273 560 1340 tali
593 1276 675 1339 fama
713 1275 818 1364 Nepos
853 1297 915 1338 non
955 1273 1139 1361 indigebat,
1180 1293 1287 1360 quem
1329 1283 1364 1336 et

394 1398 560 1486 aequales,
585 1397 719 1479 (licero,
745 1396 908 1477 Catullus,
928 1395 1002 1473 alii,
1024 1405 1110 1458 tanto
1131 1392 1233 1481 pretio
1258 1393 1366 1458 aesti-

391 1532 538 1596 marunt,
571 1532 602 1583 et
632 1521 683 1586 cui
713 1532 816 1584 cetera
848 1543 901 1584 sun
932 1515 1045 1606 scripta
1077 1513 1258 1579 immortale
1294 1537 1366 1578 no-

393 1661 467 1703 rnen
500 1663 621 1728 semper
652 1643 868 1709 vindicabunt.
906 1640 968 1708 Sed
990 1640 1028 1704 ad
1046 1651 1112 1702 rem
1131 1637 1236 1704 redeo.
1292 1638 1365 1704 Ne-

391 1762 457 1849 gari
484 1762 632 1850 quidem,
662 1775 695 1828 ut
723 1786 885 1854 coeperam
915 1761 1044 1839 dicere,
1063 1756 1194 1847 nequit,
1213 1757 1365 1846 insignes

392 1906 455 1948 esse
483 1883 610 1963 laudes,
638 1886 811 1974 Pomponio
836 1907 853 1948 a
877 1883 1000 1972 Nepote
1025 1881 1179 1959 tributas;
1203 1879 1258 1944 sed
1285 1877 1363 1968 pari

391 2007 495 2071 studio
528 2007 560 2072 id
594 2009 626 2071 in
660 2007 801 2072 Miltiade
833 2006 990 2096 perfecit,
1022 2003 1090 2093 pari
1129 2002 1162 2066 in
1194 2001 1364 2080 Aristide,

395 2123 548 2206 Cimone,
583 2127 825 2215 Epaminonda,
859 2127 949 2208 aliis,
974 2147 1109 2216 qnorum
1131 2136 1236 2188 tamen
1260 2127 1363 2187 vitas

395 2269 488 2310 nemo
501 2296 511 2325 ,
534 2248 668 2336 opinor,
692 2248 833 2314 salsitatis
865 2247 1032 2313 incusabit.
1077 2243 1195 2308 Verum
1214 2242 1365 2308 habebat

397 2379 504 2431 auctor
533 2367 565 2432 in
593 2370 720 2450 Attico,
754 2392 833 2460 quac
869 2371 901 2432 in
937 2367 997 2433 illis
1031 2389 1092 2431 non
1126 2365 1170 2430 ita
1202 2364 1366 2430 habebat.

226 2491 235 2509 '
308 2515 313 2524 ¹
399 2488 498 2568 Nam,
524 2501 558 2553 ut
585 2489 678 2555 modo
709 2503 918 2553 memoratum
949 2500 1016 2566 est,
1049 2507 1146 2575 quum
1176 2484 1215 2550 de
1247 2484 1366 2550 Attico

328 2669 331 2674 .
398 2608 569 2688 scriberet,
603 2611 703 2674 virum
742 2609 918 2674 Romanum
948 2605 1095 2674 Romanis
1123 2620 1367 2695 repracsentare

398 2732 559 2812 studebat,
579 2737 635 2798 cui
654 2737 709 2797 sni
719 2755 827 2796 mores
838 2734 1074 2796 conciliassent
1077 2731 1257 2817 fortunam
1269 2729 1363 2815 ejus-

400 2875 461 2942 que
502 2853 578 2918 ndeo
620 2855 717 2918 ritarn
757 2853 960 2942 popularibus
992 2873 1167 2941 proponere
1207 2864 1364 2940 tauquam

443 3090 452 3123 1
493 3067 602 3118 Censuit
622 3069 662 3119 its
686 3069 778 3118 Abbas
799 3067 833 3116 de
853 3069 891 3118 st.
913 3065 988 3118 tteat.
1007 3067 1075 3133 0pp.
1092 3065 1367 3132 Tom.1.p.329sq·

399 3163 488 3216 denuo
508 3166 552 3216 ed.
563 3167 629 3232 ling.
643 3169 710 3222 1726
718 3203 728 3232 ,
748 3169 777 3217 in
791 3167 1002 3231 dissertatione,
1021 3185 1075 3234 qua
1089 3167 1140 3218 sub
1151 3165 1292 3218 cesarianis
1309 3181 1364 3216 no-

399 3266 473 3315 mine
486 3267 703 3334 disputationem
719 3266 835 3318 exhibet
845 3304 856 3333 ,
868 3267 1047 3334 inscriptam:
1059 3267 1189 3318 Coraetere
1200 3267 1230 3317 de
1240 3267 1271 3324 Τ.
1281 3268 1361 3316 Pom·

401 3367 488 3432 pona'us
518 3363 628 3418 Atticus.
664 3368 740 3416 Inter
774 3367 829 3417 alia
858 3365 924 3418 bace
959 3367 1087 3432 scripsit:
1119 3359 1221 3436 »Nepos
1249 3379 1302 3433 est,
1335 3365 1363 3414 Ia

403 3464 503 3534 pldport
523 3467 553 3515 du
570 3480 649 3532 tems,
669 3487 700 3517 ua
723 3468 840 3517 Meanar
860 3466 889 3519 de
908 3467 1054 3532 bonne-soa',·
1083 3470 1141 3518 dont
1160 3469 1185 3519 le
1206 3469 1279 3534 ge'nie
1301 3467 1364 3519 droit

397 3572 458 3626 fort
474 3567 613 3631 me'dabcre,
635 3569 775 3636 at'nsiqn’il
788 3569 869 3635 puror't
882 3587 930 3637 par
946 3579 997 3618 tout
1012 3587 1039 3620 re
1056 3571 1099 3638 qui
1115 3587 1173 3617 nous
1190 3583 1252 3619 resto
1269 3568 1361 3628 delur)

404 3674 448 3722 qui
477 3667 543 3716 avot't
559 3667 642 3716 donne'
658 3667 708 3717 ren
721 3668 818 3717 baissc'e
838 3665 900 3716 dans
919 3680 972 3719 tous
991 3668 1029 3719 les
1042 3670 1126 3737 pt'o‘gea
1133 3704 1143 3732 ,
1161 3687 1206 3738 que
1222 3687 1265 3719 son
1281 3667 1364 3718 He'ros

406 3770 445 3819 lut
457 3771 525 3822 auoit
542 3769 647 3832 tendas,
670 3787 730 3835 pour
741 3770 794 3818 s’ea
805 3770 880 3830 faire
907 3769 1028 3831 odinirer5
1047 3771 1131 3838 etqui
1145 3781 1255 3839 reporta,
1274 3785 1364 3820 cornino

409 3868 451 3918 dea
478 3869 568 3918 nc'ra'tea
586 3867 797 3932 incontentailes,
818 3881 871 3918 tout
887 3889 914 3919 ce
933 3872 996 3940 qu'il
1014 3873 1078 3922 noor’t
1095 3877 1136 3920 oui'
1153 3873 1205 3922 dire
1232 3873 1365 3922 dl’avon-

408 3983 463 4034 tage
482 3970 626 4034 d’Atticns,
654 3991 700 4038 par
717 3971 814 4021 Attiruo
833 3973 917 4022 rue‘nre.
953 3973 1030 4022 Onne
1046 3985 1103 4041 peut
1120 3975 1171 4023 &tre
1184 3973 1241 4041 plats
1257 3982 1366 4042 suspect,

410 4094 440 4125 en
458 4085 522 4124 terete
539 4075 676 4126 rnooa'ere·’'
