3042 5140
681 592 743 656 155

274 772 368 837 Hisce
386 769 481 858 igitur
503 771 623 848 causis,
649 793 725 858 quas
747 772 846 837 Attici
860 761 1009 861 'aequales
1027 796 1113 840 roras
1125 798 1187 841 esse
1266 853 1271 863 .
1290 763 1298 778 ’

228 892 453 970 crediderunt,
480 890 569 956 nobis
589 891 684 955 etiam
695 891 958 980 acquiescendum
974 917 1074 984 neque
1086 896 1188 961 aliun-

168 1023 172 1029 '
227 1013 267 1078 de
288 1011 418 1100 politica
438 1011 502 1098 ejus
522 1011 649 1076 consilia
671 1012 853 1101 explicanda
862 1014 1024 1085 ridentur.
1071 1017 1186 1084 Parum

228 1132 356 1198 omniuo
386 1133 577 1198 auctoritatis
609 1133 726 1198 habent
758 1137 916 1216 rationes,
954 1160 1031 1226 quas
1063 1141 1103 1204 ab
1124 1141 1185 1206 illis

228 1253 427 1318 alienissimus
449 1254 657 1334 recentiores,
681 1278 831 1322 novarum
855 1279 960 1324 rerum
980 1260 1108 1326 fortasse
1119 1274 1183 1326 stu-

228 1377 280 1441 dio
311 1373 457 1462 impulsi,
492 1375 706 1462 excogitarunt
740 1363 771 1443 et
799 1392 947 1468 tanquam
978 1379 1069 1444 unice
1100 1401 1186 1446 veras

226 1498 437 1563 venditarunt.
495 1497 542 1561 De
584 1517 693 1562 eorum
734 1499 885 1562 sententia
914 1499 1037 1564 Atticus
1070 1499 1183 1588 insigni

225 1622 375 1706 φιλαυτίᾳ
394 1620 540 1708 vitaeque
564 1619 681 1685 otiosae
700 1629 731 1684 et
753 1619 861 1686 inertis
884 1622 1032 1711 cupidine
1047 1625 1113 1711 jam
1143 1625 1181 1690 ab

223 1741 427 1808 adolescentia
450 1742 523 1806 inde
546 1742 657 1808 ductus
674 1743 758 1818 fuit.
782 1744 919 1834 indeque
936 1746 1056 1812 lactum
1067 1751 1178 1835 ajunt,

223 1875 271 1930 ut
290 1883 448 1951 capessere
478 1863 708 1951 rempublicam
726 1876 757 1929 ct
775 1885 904 1929 munera
924 1866 1045 1932 ambire
1067 1869 1179 1954 negle-

222 1984 319 2063 xerit,
336 1982 461 2048 ·sedulo
492 1984 587 2050 etiam
607 1983 746 2062 caverit,
771 2005 812 2048 ue
834 1986 1022 2052 factionibus
1044 1988 1179 2074 publicis

222 2130 285 2174 sese
316 2092 524 2175 immisceret}
566 2106 792 2195 Epicureorum
824 2128 912 2173 more
935 2131 1055 2198 curasse
1080 2110 1179 2174 Pom-

169 2247 172 2254 ·
224 2219 465 2318 pouius'iisdem
484 2226 608 2292 videtur
626 2229 659 2291 in
680 2229 824 2293 omnibus
844 2229 943 2294 ferme
962 2231 1114 2322 negotiis,
1139 2255 1180 2298 ne

198 2349 303 2438 ·quid
352 2347 504 2426 haberet,
544 2346 628 2435 quod
660 2347 741 2412 ritae
779 2349 1036 2438 tranquillitatem
1069 2352 1179 2416 turba-

220 2483 288 2551 ret,
323 2469 414 2533 simul
446 2467 581 2545 veritus,
608 2488 645 2530 ne
669 2487 745 2556 quos
764 2467 829 2554 ipsi
848 2490 1014 2534 munerum
1024 2472 1177 2558 petitione

219 2592 279 2656 sibi
307 2591 452 2656 redderet
483 2590 630 2686 infensos.
669 2565 847 2654 ”Pecuniam
874 2591 1002 2678 quidem
1027 2594 1177 2681 suppedi-

220 2726 285 2777 tare
309 2711 441 2778 subinde
463 2710 606 2788 solebat,
631 2710 684 2775 sed
716 2710 753 2773 iis
772 2710 980 2799 plerumque,
1006 2734 1083 2800 quos
1104 2734 1177 2776 ere-

219 2834 314 2899 debat
350 2855 469 2898 summa
503 2853 607 2896 rerum
636 2831 810 2920 potituros,
851 2851 972 2918 semper
994 2843 1118 2920 paratus
1137 2832 1176 2895 ad

219 2977 419 3048 quascunque
462 2968 565 3042 partes
602 2953 844 3042 amplectendas,
907 2951 1025 3036 Quibus
1056 2951 1176 3017 callidis

218 3077 353 3145 consiliis
372 3089 404 3140 et
438 3076 541 3139 turbas
561 3097 666 3140 omnes
687 3075 793 3154 civiles
817 3087 1009 3161 cruentaque
1018 3071 1097 3136 bella
1111 3075 1176 3138 evi-

218 3215 295 3268 tasse
319 3201 436 3264 dioitur
459 3219 561 3285 neque
580 3196 678 3260 ullum
691 3195 765 3259 inde
776 3179 894 3282 cepisse
903 3194 1125 3258 detrimentum
1142 3194 1171 3260 ¹.

218 3323 298 3389 Sunt
319 3321 397 3386 haec
417 3331 524 3409 aperte
548 3317 623 3382 falsa
642 3330 840 3395 commenta,
864 3315 978 3404 quibus
995 3339 1101 3381 nervos
1114 3316 1175 3380 rir-

218 3445 292 3510 tutis
329 3445 440 3508 frustra
475 3440 600 3504 student
634 3437 759 3504 elidere.
819 3438 889 3504 Alia
921 3439 996 3504 alibi
1027 3437 1175 3525 exemplis

217 3565 311 3629 etiam
342 3561 570 3638 refutavimus;
606 3558 726 3647 reliqua
744 3582 808 3625 non
829 3559 954 3648 majoris
975 3574 1045 3628 sunt
1066 3561 1171 3649 pretii.

254 3845 262 3877 ¹
303 3849 390 3898 Cesar.
420 3867 448 3913 p.
467 3845 532 3914 3333
554 3845 628 3894 Dior.
648 3844 690 3894 lit.
707 3841 888 3909 Hog.p.ldl
908 3860 969 3908 sqq.
987 3841 1027 3892 Cf.
1047 3842 1176 3895 llliddlet.
1239 3905 1242 3911 1

213 3949 290 3998 l'om.
329 3947 385 3999 lll.
416 3966 448 4012 p.
473 3945 533 4010 400.
566 3945 687 3995 Atticum
717 3943 840 3994 defendit
871 3944 971 3994 erudit.
1009 3944 1171 4004 Rainssant,

211 4050 357 4113 Br'gurrrrrer
376 4050 496 4098 crrriensos
515 4064 544 4110 p.
567 4047 609 4096 33.
