3042 5140
688 573 750 652 187

272 770 342 846 uis,
377 763 429 832 eui
451 764 612 832 dedicatus
634 765 715 836 liber
735 767 820 846 fuit,
845 765 923 832 haee
944 781 989 838 est
1014 763 1224 834 honorificen-

270 889 386 954 tissima
417 886 449 950 in
483 888 594 952 Bruta
624 889 796 956 sententia:
824 890 934 955 «Istae
954 911 1051 968 rere,
1073 890 1224 980 inquam,

270 1007 389 1087 Brute,
414 1006 513 1072 Attici
534 1006 641 1072 literae
662 1008 832 1074 noumodo
861 1008 1101 1075 delectationem
1121 1011 1226 1091 mihi,

211 1121 212 1124 '
270 1127 322 1195 sed
357 1119 480 1207 etiam,
513 1139 548 1191 ut
580 1148 692 1215 spero,
727 1128 858 1195 sulutem
890 1129 1076 1198 attulerunt·
1129 1130 1228 1198 salu-⁴

270 1250 359 1313 tem?
395 1249 498 1336 inquit
531 1246 598 1317 ille.
656 1248 821 1332 Quodnam
855 1249 981 1314 taudem
1014 1273 1110 1339 genus
1139 1251 1222 1316 istud

257 1381 334 1433 tam
362 1365 557 1456 praeclarum
593 1367 752 1434 literarunt
788 1369 875 1437 tuit?
910 1371 958 1437 Au
991 1371 1074 1437 mihi
1096 1372 1225 1461 potuit,

269 1491 420 1578 iuquam,
444 1509 507 1552 esse
530 1501 584 1583 aut
603 1488 718 1577 gratior
741 1489 803 1558 ulla
825 1491 991 1570 salutatio,
1016 1492 1131 1557 autad
1161 1492 1224 1559 hue

269 1623 391 1699 tempus
433 1611 556 1699 aptior,
601 1633 695 1701 quam
739 1610 825 1676 itlius
856 1605 952 1694 libri,
989 1634 1052 1702 qno
1082 1634 1134 1676 me
1170 1610 1222 1678 hie

268 1731 375 1796 affatus
405 1730 492 1819 quasi
521 1731 681 1817 jacentem
713 1731 889 1798 excitarit?
927 1731 1007 1804 Tau
1030 1730 1102 1810 itte,
1126 1733 1224 1798 Nem-

268 1873 308 1940 pe
327 1873 399 1916 eum
430 1850 526 1929 dicis,
562 1851 688 1940 iuquit,
714 1874 777 1942 quo
802 1849 860 1920 iste
880 1874 1005 1956 omnem
1027 1874 1133 1920 rerum
1155 1875 1224 1917 me-

267 1973 400 2037 moriam
420 1961 556 2036 breriter
579 1983 632 2051 et,
656 1984 691 2037 ut
712 1971 932 2062 mihiquidem
946 1972 1045 2048 risum
1059 1984 1124 2052 ast,
1148 1993 1221 2061 per<

267 2095 433 2184 diligenter
458 2094 635 2184 complexus
667 2097 739 2161 est?
775 2096 875 2164 Istum
908 2095 1033 2186 ipsum,
1068 2095 1220 2183 iuquam,

267 2217 388 2294 Brute,
420 2215 491 2280 dieo
523 2215 639 2280 librum
662 2213 739 2297 mihi
761 2215 852 2286 saluti
876 2215 980 2282 tuisse,
1027 2217 1108 2295 'sum
1130 2215 1233 2293 tuis

266 2366 344 2410 eus:
379 2341 614 2432 Optatissimum
647 2341 726 2408 mihi
760 2343 890 2433 quidem
910 2359 990 2426 uest,
1015 2345 1220 2437 quoddicis3

265 2467 318 2532 aed
351 2466 428 2555 quid
458 2465 585 2532 tandem
618 2464 728 2530 habuit
759 2462 840 2541 liber
872 2465 951 2550 iste,
977 2467 1060 2555 quod
1086 2467 1143 2535 tibi
1166 2477 1220 2532 aut

267 2609 381 2651 novum
402 2599 455 2652 aut
476 2599 564 2652 tanto
586 2587 655 2651 usui
677 2600 778 2676 posset
800 2589 893 2657 ease?
920 2586 979 2653 Ille
991 2599 1107 2656 vernet
1119 2609 1220 2665 nuru,
1291 2629 1299 2646 .

264 2708 392 2796 iuquam
407 2757 416 2788 ,
441 2707 520 2772 mihi
533 2706 662 2797 quidem
676 2707 772 2772 multa
785 2719 815 2778 et
829 2730 896 2776 eam
911 2707 1098 2791 utilitatem,
1123 2728 1218 2796 quam

263 2823 484 2918 requirebam,
509 2841 566 2908 ut,
592 2830 752 2917 explicatis
764 2827 924 2902 ordinibus
935 2840 1132 2917 temporum,
1157 2847 1220 2892 uno

264 2950 297 3013 in
330 2960 499 3038 conspectu
528 2949 633 3013 omnia
647 2949 807 3020 riderem:
836 2971 915 3043 quae
927 2971 1001 3016 cum
1012 2947 1146 3016 studiose
1160 2962 1221 3016 tra-

264 3070 563 3158 ctare-coepissem,
589 3070 654 3160 ipsa
679 3069 759 3136 mihi
780 3075 923 3140 tractatio
936 3072 1095 3137 literarum
1108 3071 1222 3137 saluta·

264 3193 305 3262 ris
325 3193 405 3271 luit,
430 3192 684 3282 admonuitque,
709 3191 887 3281 Pomponi,
912 3204 946 3257 ut
970 3205 1031 3257 ate
1041 3191 1106 3279 ipse
1117 3213 1222 3256 sume·
1245 3165 1248 3174 i

263 3335 330 3378 rem
352 3310 470 3403 aliquid
483 3315 522 3379 ad
547 3337 598 3380 me
613 3314 819 3381 reficiendum
828 3327 921 3406 teque
933 3313 1194 3380 remunerandum
1209 3361 1220 3396 ,

262 3438 287 3504 si
307 3460 368 3503 non
385 3437 479 3526 pari,
505 3451 536 3504 at
558 3451 646 3528 grato
668 3451 771 3503 tumen
791 3460 952 3504 munere»
969 3439 997 3506 ¹.

263 3668 333 3718 quae
354 3651 482 3716 degente
505 3652 613 3719 Papiria
642 3651 676 3701 nd
703 3651 843 3718 Papirium
867 3653 977 3704 l'uetum
1001 3653 1090 3702 Cicero
1110 3649 1221 3717 scripsit

262 3751 322 3804 Lib.
346 3750 393 3803 lll.
421 3752 454 3799 ud
476 3751 537 3804 Dr'r.
563 3751 613 3818 Ep.
638 3751 683 3802 Ἡ.
701 3751 716 3816 §
735 3753 770 3814 2,
797 3751 941 3817 desumpta
968 3750 1049 3802 luisse
1071 3768 1102 3802 ex
1126 3750 1222 3802 Annali

262 3851 413 3918 Pomponii.
1015 3901 1017 3905 .

300 3949 310 3982 ²
351 3956 405 4007 cic.
429 3957 502 4008 Brut.
531 3975 553 4008 c.
580 3951 623 4009 lll
641 3965 667 4008 et
691 3953 739 4009 lV.
761 3959 775 4022 ᾗ
795 3955 825 4004 13
844 3983 878 3996 -
898 3955 911 4023 §
931 3956 972 4007 15.
989 3953 1065 4006 'l'rste
1083 3955 1221 4006 Ellendtio

262 4055 294 4104 ad
326 4054 355 4106 h.
380 4055 404 4108 l.
436 4064 515 4122 putat
545 4053 1220 4120 tud.Tross,Bittcnsse.111·ldest‹nsit.1820
