3042 5140
720 585 784 648 169

271 765 467 855 perfecisse,
514 773 549 826 ut
595 760 717 828 Atticus
757 762 887 850 Epicuri
930 761 1103 828 doctrinam
1144 761 1227 826 velut

274 888 399 952 unicam
429 883 553 950 vivendi
585 881 723 970 regulam
752 882 906 971 rejiceret.
966 879 1226 971 Quandoquidem

274 1017 400 1082 autem,
436 1014 471 1066 ut
492 1022 561 1065 rere
592 1023 609 1062 a
650 1019 770 1066 summo
794 1005 886 1082 poeta
911 1015 1086 1082 expressum
1110 1005 1180 1071 est,
1261 1054 1265 1062 ,

330 1147 351 1185 «
367 1124 438 1208 Quo
460 1122 560 1186 semel
584 1129 633 1184 est
644 1119 768 1183 imbuta
790 1137 905 1181 reeens
926 1116 1073 1182 servabit
1095 1114 1227 1178 odorem

363 1245 466 1310 Testa
488 1245 549 1308 diu
562 1265 582 1306 >r
593 1288 604 1320 ,

275 1369 317 1432 ita
354 1365 566 1454 Pomponius,
603 1385 682 1452 quae
722 1361 817 1426 semel
846 1359 1022 1425 adolescens
1048 1372 1230 1448 perceperat

278 1487 449 1575 Epicureae
479 1483 695 1576 philosophiae
725 1484 903 1572 principia,
938 1483 1108 1548 maturiore
1130 1495 1230 1548 aetate

278 1631 339 1673 non
369 1609 472 1672 omniu
506 1608 633 1697 quidem
662 1609 832 1696 reprimere
856 1609 959 1698 potuit
987 1611 1027 1687 ¹,
1051 1630 1153 1696 neque
1180 1620 1231 1672 ta-

277 1752 349 1796 uren
385 1731 427 1794 ita
459 1731 579 1808 tenuit,
604 1743 638 1794 ut
660 1730 759 1794 omnis
780 1731 846 1816 ejus
866 1730 928 1794 rita
950 1729 1123 1817 Epicurum
1139 1729 1231 1792 redo-

279 1850 366 1916 leret.
428 1849 560 1936 Vestigio
594 1860 827 1928 remanserunt3
863 1870 910 1913 res
937 1848 1003 1936 ipsa
1024 1847 1123 1912 ferme
1152 1848 1231 1910 sub-

278 1972 338 2035 lata
363 1971 435 2037 fuit.

329 2092 449 2176 Quodsi
480 2094 570 2180 quis,
605 2090 691 2158 hisce
728 2114 790 2158 non
823 2104 1008 2172 contentus,
1044 2091 1184 2179 exempla
1217 2113 1234 2152 a

283 2216 374 2279 nobis
397 2214 573 2292 desideret,
598 2238 671 2279 eum
699 2227 840 2302 rogatum
862 2215 1008 2291 velimus,
1033 2227 1067 2278 ut
1089 2215 1179 2279 adeat
1204 2226 1238 2278 et

284 2338 482 2426 perpendat,
508 2359 588 2424 quae
610 2336 648 2400 de
672 2337 768 2402 truci
791 2337 917 2426 ingenio
944 2359 979 2402 nc
1002 2335 1138 2425 politicis
1160 2358 1232 2400 con·

284 2459 359 2526 siliis
382 2459 621 2548 disputavimus.
676 2457 814 2524 Plurima
842 2457 1000 2537 inveniet,
1024 2479 1103 2545 quae
1123 2479 1140 2518 a
1161 2479 1235 2543 per-

285 2583 371 2646 mani
403 2579 554 2668 Epicurei
584 2577 709 2657 indole,
735 2600 828 2667 quem
852 2578 912 2642 sibi
932 2577 1145 2664 indulgentem
1167 2599 1237 2642 cor-

284 2701 415 2790 porique
438 2700 662 2765 deservientem
673 2699 789 2788 fingere
801 2699 900 2762 solent
916 2703 928 2738 ²
947 2746 955 2775 ,
980 2697 1155 2784 longissime
1167 2709 1236 2762 suut

284 2837 424 2906 remota3
462 2824 569 2902 nulla,
606 2823 666 2888 nisi
699 2834 853 2909 quatenus
886 2818 1013 2884 honesta
1036 2815 1240 2908 philosophus

284 3006 376 3068 ticus,
396 3004 523 3070 quamvis
544 3007 573 3054 iu
592 3005 627 3054 iis
644 3012 737 3055 contra
762 3007 910 3072 Epicurum
932 3021 1006 3054 mors
1029 3011 1166 3054 asseratur
1184 3019 1238 3053 uon

285 3110 392 3154 tantum
422 3103 527 3154 malurn
550 3119 602 3152 nou
623 3119 699 3166 esse,
723 3104 870 3153 sedetiam
890 3093 1012 3164 bonum,
1046 3100 1127 3154 valde
1145 3119 1172 3152 se
1191 3102 1241 3153 de-

285 3206 382 3258 lectari
409 3208 573 3273 scripserat,
603 3213 633 3256 ut
657 3205 723 3256 adeo
755 3201 913 3256 Victorium
944 3203 978 3252 ad
1006 3200 1151 3265 legendum
1172 3209 1240 3250 esset

284 3307 466 3372 exhortatus,
486 3306 508 3360 l.
524 3307 549 3359 l.
569 3311 583 3376 β
602 3306 630 3358 3.

324 3402 334 3432 ¹
373 3404 444 3457 Hinc
481 3425 506 3458 e.
534 3423 565 3470 g.
598 3411 715 3455 mortem
746 3405 800 3454 sibi
833 3403 925 3454 inediis
955 3399 1116 3453 accelerasse
1146 3400 1241 3466 putari

286 3506 391 3557 Atticus
414 3509 517 3572 possit,
544 3522 578 3555 ne
596 3506 666 3556 cibis
686 3506 785 3556 utendo
805 3513 914 3570 augeret
933 3503 1058 3570 dolores;
1076 3519 1130 3569 qua
1150 3509 1241 3551 tamen

287 3609 315 3652 in
346 3623 374 3656 re
401 3607 476 3656 idem
506 3607 641 3658 Ciceronis
674 3625 742 3673 opus
774 3606 850 3657 haud
875 3625 975 3674 parum
1005 3603 1065 3674 ejus
1094 3603 1240 3655 ccrrsilium

286 3709 510 3776 confirmaverit,
540 3711 589 3760 ubi
618 3707 776 3776 perfugium
805 3708 878 3758 illud
907 3707 1034 3758 dolorum
1064 3715 1155 3774 aperte
1176 3724 1244 3772 pru·

286 3811 387 3872 hatur,
416 3814 474 3865 Lib.
505 3809 549 3864 ll.
576 3832 600 3863 c.
629 3813 672 3866 27.
692 3811 707 3876 E
726 3811 770 3865 67.
789 3807 840 3860 eff.
858 3808 1017 3859 Tunstallus
1035 3808 1058 3862 l.
1076 3807 1098 3862 l.
1114 3827 1142 3874 p.
1162 3809 1192 3862 75
1212 3809 1241 3856 iu

288 3922 350 3965 nota
369 3921 396 3963 et
415 3913 443 3962 in
461 3915 561 3980 primis
581 3913 717 3982 Epistulae
737 3914 818 3962 modo
836 3919 952 3963 notatae.

326 4009 336 4042 ²
377 4013 406 4062 de
425 4014 499 4078 legg.
516 4014 574 4065 Lib.
594 4015 619 4068 l.
635 4033 660 4070 c.
678 4016 755 4082 13·§
776 4015 818 4068 39.
