3042 5140
782 586 846 650 i'li

323 771 433 861 primis
450 768 565 856 largam
584 763 715 833 Athenis
746 777 854 831 nactus
873 765 996 844 luerat;
1034 763 1116 829 uude
1138 765 1282 847 factum,

325 906 359 958 ut
388 889 614 956 bibliothecam
659 885 804 952 habuerit
846 884 964 949 lautam
998 897 1029 948 et
1072 886 1285 974 exquisitam,

323 1011 575 1101 praeclarissimis
594 1021 663 1073 tum
686 1008 869 1073 Latinorum
900 1001 969 1071 tum
991 1006 1183 1072 Graecorum
1209 1031 1287 1097 opa-

321 1135 408 1200 ribus
427 1134 585 1198 relertam.
632 1128 776 1194 Plurimis
796 1151 814 1191 e
835 1127 967 1192 literatis
990 1123 1050 1189 illis
1073 1126 1166 1190 serris
1189 1139 1286 1214 atque

242 1261 250 1276 '
325 1253 445 1319 libertis
470 1249 553 1340 apud
579 1249 765 1317 Ciceronem
800 1260 1108 1328 commemorantur,
1146 1250 1284 1314 maxime

321 1382 405 1473 quod
439 1401 547 1447 eorum
568 1403 693 1469 operam
706 1375 760 1444 hic
783 1399 875 1466 saepe
901 1389 946 1443 est
966 1389 1110 1465 expertus
1135 1386 1166 1440 et
1188 1397 1285 1465 quos-

320 1629 364 1680 nis
391 1628 499 1678 rediens
525 1623 652 1680 Ciceroni
679 1635 787 1695 praeter
817 1627 892 1694 signa
921 1627 1055 1689 Megarica
1085 1624 1196 1692 aliaque
1217 1627 1284 1678 bene

320 1727 406 1780 multa
420 1731 491 1796 xysti
501 1729 693 1796 gymnasiique
706 1733 866 1777 ornamenta
878 1763 889 1790 ,
903 1743 973 1792 quae
988 1743 1075 1791 parvo
1087 1727 1177 1792 pretio
1190 1735 1283 1794 empta

320 1829 475 1896 deportavit
488 1866 498 1889 ,
517 1827 717 1880 bibliothecam
738 1829 887 1890 Graecam,
906 1826 953 1876 scd
974 1837 1054 1891 rogatu
1085 1824 1151 1876 lecit
1175 1827 1285 1876 Cicero·

320 1930 373 1981 nia.
390 1926 549 1980 Vidd.Lib·
568 1926 589 1979 l.
602 1929 652 1994 Ep.
669 1928 697 1978 6.
708 1926 838 1999 5ἳςιΕρ.
856 1928 885 1989 75
904 1926 954 1990 Ep.
972 1928 997 1980 8.
1017 1926 1032 1989 5
1053 1925 1156 1991 25139.
1172 1929 1200 1978 9.
1221 1929 1286 1996 §la

322 2032 371 2096 lip.
401 2033 444 2082 10.
472 2033 487 2097 5
519 2030 554 2092 3,
581 2027 616 2093 4ς
648 2028 699 2092 Ep.
724 2029 770 2078 ll.
793 2026 807 2094 5
831 2026 866 2090 35
895 2029 946 2090 Ep.
964 2025 1077 2094 &523
1100 2025 1147 2091 Ep.
1166 2028 1284 2095 t.§3;

321 2130 373 2195 Ep.
392 2133 416 2179 1.
436 2131 450 2191 5
469 2127 496 2178 5.
531 2126 636 2177 llcrurn
658 2140 746 2190 neque
770 2123 835 2175 hinc
861 2141 949 2191 ueque
975 2123 1089 2176 aliunde
1108 2133 1203 2192 patet,
1222 2145 1282 2178 sor·

321 2227 418 2278 didam
430 2233 576 2292 quaestum
599 2226 633 2274 ab
654 2225 744 2274 Attico
764 2222 847 2273 luisse
865 2230 1029 2288 spectatum.
1066 2223 1187 2276 Affertur
1205 2225 1281 2277 locus

321 2323 481 2387 Ciceronis,
500 2325 549 2390 qui
571 2330 611 2374 est
639 2323 702 2374 Lib.
719 2318 801 2375 lllll.
831 2323 864 2372 ad
888 2322 942 2374 Art.
970 2323 1020 2390 Ep.
1048 2324 1092 2375 13.
1120 2323 1134 2390 5
1164 2330 1202 2390 l,
1226 2344 1281 2393 quo

321 2423 417 2474 scribit
439 2423 548 2484 Cicero,
574 2441 601 2475 se
638 2405 849 2474 inundamur}
879 2422 1027 2475 consilium
1058 2431 1177 2476 mutasse
1204 2433 1281 2478 etex

321 2526 427 2576 duobus
462 2521 543 2574 libris
562 2541 591 2574 ea
604 2522 752 2574 contulisse
772 2522 801 2571 in
828 2526 959 2587 quatuor.
979 2521 1083 2572 Addita
1114 2525 1175 2574 a'l'u
1197 2523 1279 2574 illam

319 2623 458 2692 jacturam
488 2621 558 2674 feres
588 2641 674 2690 aequo
703 2623 818 2682 animo,
842 2620 917 2688 quod
941 2620 1011 2684 illa,
1041 2641 1111 2689 quae
1133 2620 1217 2674 habea
1244 2625 1278 2676 de

319 2724 508 2788 Academicis,
527 2723 632 2776 frustra
651 2723 786 2789 descripta
804 2730 879 2776 aunt.
897 2723 985 2774 Multo
1008 2732 1099 2774 tamen
1119 2721 1278 2777 haeceruut

319 2823 525 2889 splendidiora,
564 2825 711 2888 breviora,
737 2823 852 2873 meliora
866 2842 891 2874 a.
932 2824 1000 2873 llacc
1029 2841 1094 2874 vero
1110 2823 1182 2874 nihil
1210 2843 1273 2892 pro·

294 2923 385 2973 ‘bant
416 2923 449 2971 de
478 2922 607 2986 foenore,
636 2941 669 2974 nc
700 2924 733 2972 de
759 2920 893 2974 Tuustalli
914 2924 1043 2974 sententia
1063 2924 1175 2990 dicam,
1194 2927 1273 2992 quasi

317 3019 423 3070 Atticus
443 3018 650 3088 jacturamtam
668 3040 745 3087 aegre
766 3022 881 3088 tulerit,
899 3031 931 3074 ut
947 3023 1130 3076 nihilomiuus
1152 3026 1272 3091 priorem

317 3118 515 3170 Academicorum
536 3122 684 3174 editionem
706 3124 917 3190 divulgaverit,
942 3126 1014 3176 unde
1033 3143 1081 3176 nos
1102 3126 1183 3178 hodie
1200 3128 1273 3178 iute-

317 3237 365 3285 gre
389 3220 478 3272 Tullii
497 3239 578 3288 opere
602 3240 755 3275 careamus.
788 3225 838 3274 Per
861 3241 887 3272 se
908 3223 1099 3289 intelligitur,
1131 3227 1272 3288 Atticum,

316 3321 364 3388 qui
384 3319 543 3388 splendidae
564 3321 749 3374 bibliothecae
774 3323 894 3374 multam
912 3341 1025 3389 operam
1049 3326 1188 3388 navabat,
1207 3343 1272 3391 poe-

315 3421 429 3472 nituisse
443 3421 567 3486 perditao
587 3439 684 3487 operae
695 3459 705 3486 ,
725 3423 771 3474 sed
789 3424 909 3487 dubito,
928 3441 995 3474 num
1016 3433 1044 3476 ct
1060 3425 1110 3476 ille
1132 3435 1158 3476 ct
1182 3426 1273 3476 Cicero

314 3519 455 3585 perditum
492 3518 585 3570 foenus
612 3508 783 3583 cogitaverit.
820 3523 847 3572 Si
878 3523 908 3573 id
932 3527 1064 3589 curarit,
1094 3543 1181 3591 quarn
1208 3543 1274 3592 per·

316 3616 393 3668 misit
420 3616 483 3668 aliia
513 3639 525 3669 a
549 3637 575 3670 se
599 3619 772 3672 describere?
810 3623 845 3672 lle
866 3640 920 3688 quo
945 3623 1009 3675 vide
1028 3645 1051 3677 e.
1071 3643 1097 3690 g.
1115 3624 1178 3676 Lib.
1196 3622 1273 3680 lllll.

316 3718 366 3784 Ep.
392 3719 436 3770 Ἡ.
460 3720 476 3786 5
505 3718 539 3788 4,
564 3721 591 3773 5.
628 3722 702 3788 Quod
728 3723 751 3772 si
770 3730 859 3774 tamen
881 3725 1005 3790 quaestui
1025 3731 1145 3778 intentus
1166 3726 1272 3777 Atticus

314 3815 416 3883 fuerit,
427 3820 500 3872 malo
511 3840 575 3874 cum
587 3822 727 3874 llliclando
741 3830 877 3889 statuere,
890 3824 966 3878 haud
985 3834 1095 3894 turpem
1107 3845 1137 3880 eo
1148 3834 1271 3894 tempore

313 3913 397 3968 illum
424 3928 568 3984 quaestum
593 3921 676 3974 fuisse
705 3930 732 3974 et
761 3930 822 3974 ante
851 3930 943 3976 auctas
967 3926 1100 3980 avunculi
1119 3925 1272 3980 hereditate

315 4016 493 4080 possessiones
512 4021 546 4070 ab
567 4022 655 4074 Attico
676 4021 805 4087 factum,
824 4025 902 4078 Tom.
922 4025 947 4078 l.
965 4045 993 4092 p.
1012 4025 1062 4093 944
1082 4045 1123 4094 sq.
