2970 5144
651 611 735 671 55·

190 787 267 853 iecit
285 809 320 852 er
342 785 494 854 dodrante
512 788 539 852 ¹.
589 785 732 863 Atticus,
758 808 774 848 a
798 781 1142 850 Caeciliotestamento

188 909 282 974 simul
311 907 499 996 adoptatus,
532 928 550 971 e
579 929 665 972 more
695 906 933 986 Romanorum,
970 928 1032 996 quo
1064 906 1140 970 ado·

188 1029 304 1119 ptantis
320 1051 435 1094 nomen
457 1031 488 1093 in
499 1028 680 1117 adoptivum
694 1029 868 1106 transibat,
893 1042 1017 1095 vocatus
1028 1029 1141 1096 deinde

189 1147 251 1212 fuir
270 1147 309 1233 (l
327 1147 497 1215 Caecilius
512 1145 551 1231 (l.
565 1146 870 1236 F.Pomponianus
882 1152 1017 1214 Atticus
1027 1153 1057 1228 ²3
1073 1172 1142 1236 pos·

189 1269 335 1335 sessiones
354 1281 458 1337 autem
482 1291 550 1333 suas
569 1267 778 1356 maximopere
800 1278 906 1334 auctas
935 1267 1036 1346 vidit,
1064 1291 1141 1356 qua-

188 1411 258 1454 rum
270 1411 369 1478 quum
380 1387 498 1454 nnllam
520 1387 623 1454 adhuc
642 1387 835 1453 mentionem
850 1389 1038 1466 fecerimus,
1064 1390 1141 1454 bre-

188 1507 267 1574 viter
296 1531 345 1572 eas
378 1480 439 1574 hob
467 1505 536 1572 loco
574 1506 822 1574 recensebimus.
877 1506 988 1596 Itaque
1017 1521 1142 1597 praeter

189 1625 295 1702 bona,
320 1650 338 1692 a
357 1638 445 1713 patre
458 1627 523 1713 jam
546 1626 607 1691 sibi
627 1625 760 1704 relicta,
785 1626 824 1691 ab
845 1627 999 1692 avunculo
1018 1628 1146 1718 accepit

188 1745 316 1812 circiter
337 1745 453 1812 centies
470 1745 557 1813 LLS.
581 1746 797 1838 domumque,
814 1768 908 1836 quam
930 1748 969 1810 ab
990 1747 1044 1812 illo
1069 1748 1141 1814 inde

187 1881 352 1956 tempore,
373 1867 496 1957 quoties
520 1869 639 1933 Romae
662 1868 746 1947 luit,
769 1867 926 1934 habitarit
937 1917 946 1946 ,
959 1867 1141 1956 Tamphilu-

186 2015 259 2058 nam
271 1994 333 2058 sire
346 1990 596 2081 Pamphilianam
616 1992 732 2058 dietam
747 2042 756 2070 ‚
769 2013 921 2082 perquam
934 2012 1098 2054 amoenam
1109 2005 1140 2056 et

185 2116 313 2181 bonnm.
326 2115 419 2195 Nam,
432 2116 574 2204 quamvis
587 2115 759 2204 antiquior,
770 2117 881 2202 magni
891 2127 957 2179 erat
967 2127 1033 2178 arte
1046 2127 1146 2206 atque·

183 2235 340 2325 elegantiis
369 2235 556 2314 aedificata,
581 2237 794 2327 adjunctaque
816 2236 898 2325 sylva
919 2239 1087 2302 maximam
1111 2239 1141 2302 ei

180 2357 375 2424 conciliabat
392 2340 626 2425 amoenitatem.
651 2357 736 2426 Sitne
747 2373 851 2426 autem
865 2360 958 2424 aedes
970 2359 1043 2425 illae
1054 2375 1142 2426 erant

88 2495 93 2502 ·
182 2477 216 2540 in
229 2476 311 2540 collo
322 2476 476 2560 Quirinali
490 2481 502 2518 ³
519 2527 529 2558 ,
556 2501 655 2567 prope
668 2480 823 2568 templum
837 2480 961 2564 Quirini
975 2486 988 2523 ⁴
1004 2496 1035 2547 et
1048 2483 1140 2548 satu*

225 2658 234 2689 ¹
273 2659 359 2726 Nepos
387 2657 408 2710 l.
437 2656 457 2712 l.
487 2663 502 2730 §
532 2661 568 2724 2,
598 2681 613 2711 a
643 2680 698 2730 quo
726 2664 765 2713 ita
796 2663 923 2714 dissentit
942 2662 1092 2727 Valerius,
1113 2673 1144 2714 ut

179 2761 287 2809 omnium
315 2760 451 2810 bonorum
479 2761 655 2828 Pomponium
685 2761 816 2813 heredem
837 2783 851 2814 a
871 2761 990 2815 Caecilio
1009 2767 1145 2831 seriptum

180 2858 268 2912 luisse
285 2860 390 2911 tradat.
408 2860 450 2912 cf.
466 2862 552 2927 Nepos
570 2881 596 2913 c.
613 2860 681 2915 XIV.
699 2869 716 2933 5
736 2867 764 2917 ᾖ.

222 2955 233 2988 ²
275 2960 319 3008 His
347 2961 372 3009 ei
388 2962 546 3012 nominibus
565 2964 741 3030 adoptionem
760 2965 999 3034 hereditatemque
1017 2968 1142 3034 gratuln-

182 3069 231 3110 tur
250 3058 342 3108 cicero
359 3061 419 3110 Lib.
438 3057 496 3112 111.
514 3064 561 3127 Ep.
580 3065 625 3116 ⁶20.
660 3065 728 3116 Inde
747 3069 872 3118 Caecilius
885 3069 982 3122 Atticus
994 3077 1108 3121 vocatur
1127 3089 1141 3120 a

183 3161 312 3212 Suetonio
330 3164 374 3213 vit.
386 3164 440 3214 Tit.
460 3183 484 3216 e.
503 3161 575 3230 Vll,
594 3175 621 3216 et
633 3165 734 3231 legitur
745 3170 818 3235 apud
830 3169 980 3222 Varronem
994 3175 1027 3223 Il.
1038 3175 1070 3222 ll.
1081 3172 1142 3225 Lib.

181 3260 221 3316 11.
247 3279 271 3310 c.
293 3260 308 3310 2
338 3262 420 3313 inita
445 3284 457 3309 κ
486 3264 609 3326 Atticus,
630 3269 913 3337 tunch’cmpombr,
933 3287 1004 3320 nuuc
1027 3274 1059 3335 (l.
1076 3270 1142 3321 Cae-

182 3363 257 3412 cllius
284 3365 443 3424 cognomine
469 3363 564 3413 eodem
588 3383 613 3415 n.
632 3363 673 3415 Cf.
697 3365 819 3416 ltukerns
838 3367 873 3416 ad
894 3367 961 3436 Epir.
992 3369 1051 3419 Liv.
1086 3371 1144 3422 Lib.

182 3461 283 3514 extu.

221 3557 232 3589 ³
271 3565 356 3629 nepos
375 3585 399 3615 ς.
419 3564 497 3615 xur.
515 3569 531 3633 a
552 3567 586 3634 23
607 3551 663 3617 cia
686 3566 1071 3636 adAu.Lib.XI[.Ep.10.

222 3663 233 3698 ⁴
273 3665 327 3717 tic.
355 3667 384 3716 de
412 3667 484 3732 Iar-gg:
502 3667 561 3718 Lib.
583 3663 595 3710 Ι
626 3685 651 3716 c.
671 3672 694 3716 Ι.
714 3669 729 3732 ti
751 3668 784 3732 ὃς
805 3670 838 3718 ud
853 3670 908 3719 Art.
927 3671 989 3720 Lib.
1007 3671 1069 3722 llll.
1088 3672 1139 3736 Ep.

180 3764 228 3828 45·
253 3768 268 3832 d
295 3766 330 3828 3,
369 3766 416 3814 ubi
435 3767 638 3817 Caesaror'rr'nns
658 3770 747 3818 Attico
766 3770 894 3832 dicitur,
921 3771 1030 3833 idest,
1051 3778 1139 3822 statua

181 3866 288 3916 Caesari
318 3867 403 3932 posita
433 3868 461 3916 in
490 3869 555 3918 aede
584 3865 702 3933 Quirini.
732 3871 826 3919 Sextus
853 3869 938 3920 nutus
975 3879 1001 3920 et
1029 3871 1141 3921 Publius

180 3963 274 4016 Victor
304 3969 365 4030 lieg·
391 3969 432 4017 VI
448 3967 542 4019 statim
560 3977 620 4036 post
638 3968 746 4036 Quirini
776 3969 910 4038 templum
935 3971 1047 4023 domum
1070 3973 1142 4021 Atti·
1177 4017 1191 4036 2

179 4067 206 4116 ci
225 4071 392 4118 memorant·
