2970 5144
453 1671 938 1758 mmmmm.

268 2305 317 2384 Ut
334 2330 460 2404 primam
477 2327 632 2386 adolescens
655 2331 687 2387 in
705 2325 744 2387 Τ.
761 2327 917 2406 Pomponii
933 2323 1031 2384 Attici
1051 2324 1184 2392 notitiam=

228 2417 341 2511 legenda
359 2435 467 2512 Nepote
476 2437 614 2512 perveni,
634 2456 674 2494 me
692 2435 797 2494 illesic
807 2435 947 2513 perpetui
962 2435 1016 2491 sad
1025 2433 1097 2509 cerii
1108 2432 1182 2488 vitae

221 2541 400 2619 integritate,
412 2562 516 2601 marnm
535 2538 693 2620 elegantiei,
722 2545 835 2602 eximiis
843 2544 952 2600 amnina
962 2543 1050 2599 animi
1058 2541 1183 2618 ingenii·

218 2669 271 2727 qne
290 2649 416 2721 datibus,
437 2659 469 2707 nt
488 2651 538 2708 leae
557 2653 665 2709 nomine
685 2653 818 2710 neminem
825 2652 894 2727 sere
914 2649 1038 2708 haberem
1054 2651 1088 2706 in
1103 2649 1182 2707 anti·

219 2759 298 2836 quis,
317 2777 393 2836 quem
410 2761 516 2832 majore
534 2758 591 2818 laca
613 2779 760 2838 ponerem,
793 2778 868 2837 qnem
894 2757 1051 2816 admirarer
1080 2759 1180 2836 magis.

218 2865 365 2924 Incidenti
388 2866 485 2924 deinde
509 2869 541 2924 in
562 2867 708 2925 Ciceronis
723 2861 891 2944 Epistolas,
912 2861 998 2922 malta
1016 2885 1097 2943 eaque
1113 2865 1184 2922 salis

214 2975 317 3050 gravia
336 2974 536 3050 danelaendere
554 2975 625 3032 milri
643 2974 771 3046 videbar,
794 2992 861 3052 qnae
878 2993 964 3052 neque
982 2969 1096 3030 aliunde
1116 2992 1183 3049 cag-

218 3099 345 3138 naneram
362 3101 445 3158 neque
463 3082 539 3160 apud
553 3081 687 3160 denotem
714 3081 843 3160 legeram.
889 3079 981 3155 (lnam
1007 3082 1100 3158 igilur
1122 3099 1182 3137 ma·
1202 3097 1213 3158 J

217 3189 318 3244 teriam
336 3187 514 3266 disnieerem,
545 3211 598 3269 qua
613 3189 777 3249 elaboranda
792 3191 929 3266 specimen
945 3187 1101 3247 stadiorum
1118 3207 1181 3266 pn-

216 3294 285 3356 blice
306 3296 477 3368 exhiberem,
507 3317 569 3354 man
593 3307 669 3354 nelias
704 3297 752 3354 ille
784 3297 891 3354 amicus
918 3317 948 3353 se
975 3297 1047 3353 milei
1063 3295 1176 3364 obtulit,

218 3405 250 3461 de
268 3408 352 3479 enjus
372 3406 449 3476 mla,
472 3405 586 3484 ingenio
602 3403 758 3481 studiisque
776 3412 909 3462 accurate
926 3403 1099 3462 dissererem.
1131 3403 1179 3461 Eo

216 3521 306 3570 antem
324 3515 412 3590 magis
422 3514 472 3572 leae
479 3514 679 3592 disputationis
688 3524 882 3590 argumentum
892 3511 964 3570 mili
981 3513 1098 3583 arrisit,
1109 3513 1183 3590 qnod
1256 3513 1259 3519 ’

216 3619 320 3677 nnllam
338 3620 512 3700 peculiarem
536 3622 730 3698 sedationem,
762 3621 919 3678 recentiore
944 3628 1033 3677 aetate
1059 3620 1181 3690 editam,

216 3729 385 3802 invenirem,
410 3731 464 3808 qai
474 3729 558 3807 plene
574 3727 640 3788 lraee
657 3729 787 3786 materies
808 3735 933 3786 tractata
949 3735 1041 3793 essei,·
1062 3727 1095 3785 id
1109 3728 1182 3805 qnod

216 3838 332 3894 intanta
352 3839 531 3916 antiquarum
551 3836 715 3906 literarum,
737 3831 828 3913 qualis
847 3835 1043 3922 lodieviget„
1055 3835 1175 3903 ardore,

215 3944 315 3999 mirum
343 3945 483 4005 nidealnr.
535 3945 646 4007 Iceiraa
673 3945 785 4019 ἕρμαιον
818 3942 897 4001 illnd
920 3945 991 4002 milri
1010 3943 1178 4021 gratulans,

215 4053 331 4109 conveni
357 4051 514 4113 Heredium
542 4064 568 4114 el
596 4052 825 4125 Gandaeaernm‚
859 4049 894 4109 V
891 4054 950 4112 iras
979 4051 1177 4118 clarissimas,-
