3042 5146
762 549 824 614 102

314 733 509 809 Antonium,
533 752 564 795 se
585 727 816 794 abscondiderit
828 775 839 808 ,
871 727 1004 792 maxime
1027 726 1149 790 videtur
1172 727 1270 793 simil·

312 853 448 931 limum,
473 851 604 918 latebras
626 852 692 939 ejus
714 871 776 913 non
804 847 863 913 nisi
885 861 954 937 post
982 847 1184 915 interfectum
1216 848 1269 915 Gi·

312 995 457 1040 ceronem
479 972 616 1038 Antonio
637 971 818 1038 innotuisse.
866 968 1033 1058 Denique,
1068 969 1189 1034 etiarnsi
1216 971 1268 1035 cui

311 1092 433 1182 placeat
465 1093 638 1169 sententia,
672 1089 814 1156 Atticum
837 1091 924 1180 prius
960 1113 1033 1156 cum
1066 1088 1205 1156 Antonio
1234 1093 1268 1155 in

311 1215 442 1302 gratiam
464 1211 592 1278 rediisse
604 1260 615 1291 ,
639 1233 733 1300 quam
757 1210 809 1276 illa
835 1209 981 1278 Ciceroni
1002 1210 1163 1277 calamitas
1184 1214 1267 1278 acei-

312 1335 415 1414 derit,
441 1336 489 1400 rel
508 1333 553 1399 sic
569 1345 697 1411 tamen,
724 1332 839 1403 utalia
866 1333 1028 1414 omittam,
1063 1333 1265 1401 uehementer

311 1457 442 1536 dubito,
465 1478 541 1520 rrum
560 1455 735 1536 Antonius,
762 1475 857 1545 quern
878 1455 1120 1524 neOctaaianus
1138 1459 1267 1546 quidem

312 1599 436 1644 morere
458 1589 624 1667 potuerat,
649 1589 713 1642 tam
736 1574 843 1642 faciles
862 1575 1012 1642 continuo
1046 1599 1134 1643 aures
1158 1578 1264 1644 Attico

311 1699 522 1789 praebuisset,
550 1709 583 1763 ut
606 1696 763 1763 amicitiae
784 1695 877 1784 hujus
897 1695 995 1784 pretii
1015 1696 1264 1787 inimicitiaspo-

309 1834 420 1901 neret,
445 1843 521 1912 quas
535 1823 601 1909 jam
624 1819 831 1885 adolescentia
851 1830 1018 1907 genuerat,
1044 1816 1141 1883 virilis
1161 1829 1264 1882 antem

310 1955 393 2009 aetas
412 1944 456 2006 ita
475 1941 618 2022 aluerat,
640 1954 675 2008 ut
704 1961 903 2028 nequaquam
932 1961 1022 2027 posse
1052 1939 1144 2004 evelli
1176 1939 1262 2003 vide-

310 2074 418 2127 rentur
433 2063 461 2127 ¹.

275 2157 278 2162 .
354 2183 416 2250 Sed
432 2204 562 2262 vereor,
586 2204 626 2246 ne
648 2182 706 2246 viri
724 2182 809 2248 docti
838 2180 970 2271 ineptias
994 2202 1177 2268 oppugnans
1197 2179 1263 2269 ipse

308 2305 432 2392 ineptus
443 2325 622 2392 appaream.
648 2303 822 2388 Quocirca,
836 2302 873 2367 iis
882 2301 981 2366 missis
996 2312 1155 2380 ,ceteram
1166 2301 1261 2365 vitam

308 2425 474 2514 Pomponii
496 2424 706 2514 expediamur.
751 2457 753 2464 ⁴

351 2546 424 2611 Post
442 2546 556 2612 initum
580 2545 812 2611 triumuiratum
846 2545 961 2611 Brutus
989 2559 1020 2610 et
1054 2544 1192 2624 Cassius,
1229 2547 1262 2609 in

306 2660 367 2726 suis
387 2663 556 2750 provinciis
576 2657 714 2741 morai,
741 2662 773 2726 id
796 2659 881 2726 omni
900 2663 994 2751 operi
1015 2661 1166 2751 perficere
1197 2674 1261 2728 stu·

306 2782 460 2861 aluerant,
484 2793 520 2845 ut
536 2781 690 2847 militibus
707 2783 852 2871 cogendis
871 2782 942 2847 satis
954 2783 1080 2848 firmum
1100 2783 1159 2849 sibi
1171 2805 1262 2849 erer-

306 2902 405 2967 citum
426 2913 583 2990 pararent.
632 2901 816 2968 Octauianus
836 2916 930 2991 atque
942 2905 1117 2984 Antonius,
1141 2905 1260 2994 Lepido

306 3023 424 3088 Romae
440 3023 549 3089 relicto
561 3071 571 3105 ,
594 3023 629 3087 in
648 3022 865 3090 Macedoniam
890 3045 962 3088 cum
983 3023 1082 3108 copiis
1104 3027 1165 3091 suis
1188 3048 1261 3115 pro-

305 3145 419 3234 gressi,
437 3158 507 3236 post
524 3167 628 3212 acrem
641 3146 679 3211 ad
693 3145 857 3234 Philippos
868 3145 901 3209 in
919 3143 1101 3210 Macedonia
1124 3167 1260 3235 pugnarn

305 3267 344 3332 de
371 3269 469 3334 Bruto
494 3267 660 3358 Cassioque
681 3268 844 3333 victoriam
866 3277 1078 3354 reportarunt.
1131 3268 1173 3333 lli
1196 3267 1258 3356 ipsi

305 3388 516 3468 interierunt,
544 3389 640 3454 ceteri
663 3389 735 3477 lugi
753 3410 824 3452 suae
846 3386 936 3452 saluti
957 3388 1192 3457 consuluerunt.
1222 3391 1259 3454 ln

305 3530 554 3574 eorumnumero
576 3509 638 3574 fuit
658 3511 696 3578 L.
721 3509 830 3576 Julius
852 3511 978 3578 Mocilla
998 3511 1256 3578 Praetoriuscum
1333 3511 1343 3528 ⁸

207 3689 212 3696 .
305 3628 370 3695 filio
385 3679 395 3710 ,
419 3630 501 3698 Aulo
519 3631 676 3721 Torquato
697 3631 827 3721 aliisque
849 3632 929 3697 bene
962 3633 1088 3715 multis3
1125 3655 1258 3722 quorum

221 3791 226 3800 ·
304 3750 459 3818 lortunam
493 3753 626 3841 benigne
664 3752 786 3818 Atticus
819 3749 930 3818 levarit
970 3765 1001 3818 et
1040 3754 1121 3818 bona
1155 3753 1258 3817 omnia

342 4029 352 4065 ¹
391 4027 492 4078 Earum
511 4042 620 4078 causam
639 4027 702 4078 vide
721 4025 794 4091 apud
809 4019 1258 4088 triadica,Tom.ll.p.261-sq.
1320 4006 1327 4018 Ι
