2970 5144
780 579 822 642 24

329 758 390 824 ribi
412 779 475 822 non
497 755 565 821 dari
585 756 765 822 facultatem
781 775 838 844 pro
861 754 1012 844 dignitate
1035 753 1184 833 vivendi,
1207 755 1283 843 quin

331 877 512 943 alterutram
533 887 654 967 partem
680 875 873 956 offenderet,
897 876 1009 941 urbem
1037 886 1159 940 mature
1188 873 1284 940 relin-

333 1018 430 1086 quere
449 996 575 1078 stotuit,
598 1008 629 1061 et
651 995 799 1061 idoneum
818 1007 942 1084 tempus
964 1006 1048 1061 ratus
1067 994 1176 1060 studiis
1196 996 1286 1061 obse·

333 1119 452 1209 quendi
480 1119 563 1199 suis,
595 1116 733 1184 Athenas
755 1116 950 1206 potissimum
974 1116 1094 1181 itineris
1114 1113 1286 1204 hospitium

333 1238 574 1326 studiorumque
592 1237 788 1327 gymnasium
802 1235 918 1325 delegit
934 1237 964 1305 ¹.

378 1357 473 1425 Hisce
502 1357 639 1425 honestis
661 1357 833 1422 rationibus
854 1367 956 1421 motus
989 1353 1134 1432 Atticus,
1169 1371 1286 1416 annum

335 1503 427 1569 agens
446 1482 628 1548 vicesimum
648 1481 799 1560 tertium,
821 1480 1126 1568 Athenasmigrarit.
1149 1479 1289 1584 Quantae

335 1615 441 1668 autem
453 1604 545 1691 stragi
558 1616 737 1692 quantoque
750 1603 890 1693 periculo
902 1627 956 1670 suo
969 1627 1001 1670 se
1011 1604 1123 1670 itinere
1134 1601 1290 1670 subduxe-

336 1721 399 1801 rit,
422 1745 459 1788 ex
476 1721 630 1792 historicis
651 1725 805 1792 norimus.
830 1723 917 1791 Sulla
940 1726 1048 1805 enim,
1070 1724 1290 1792 belloMithri·

336 1847 439 1912 datico
461 1848 625 1927 conlecto,
648 1849 748 1914 rictor
771 1849 922 1936 ingressus
935 1845 1089 1927 Romam,
1108 1871 1146 1913 ec
1169 1850 1292 1937 proruit

337 1963 589 2054 licentiaeatque
599 1965 814 2044 crudelitatis,
838 1977 1020 2045 uteorum,
1040 1967 1096 2056 qui
1118 1967 1165 2031 rel
1194 1968 1293 2034 llario

327 2087 483 2152 'favissent
503 2087 552 2152 rel
571 2087 677 2152 neutri
700 2087 783 2175 parti
806 2084 924 2150 addicti
949 2084 1092 2152 civilibus
1113 2076 1212 2152 turbis
1230 2110 1293 2152 sese

339 2228 403 2272 non
434 2205 690 2283 immiscuissent,
727 2226 819 2295 supra
859 2217 985 2272 centum
1014 2206 1112 2272 millia
1146 2207 1294 2274 occidisse

342 2326 485 2404 dicatur,
509 2325 679 2413 inquibus
702 2326 864 2392 Senatores
887 2329 1076 2418 nonaginta,
1100 2328 1247 2396 Consules
1264 2343 1296 2397 et

344 2445 527 2512 Consulares
545 2447 747 2536 quindecim,
778 2449 908 2540 Equites
942 2448 989 2513 bis
1012 2446 1099 2513 mille
1116 2465 1293 2532 sexcentos3

344 2571 400 2661 qui
420 2594 526 2636 omnes
548 2571 642 2659 ipsius
648 2573 735 2659 jussu
755 2570 870 2659 partim
890 2569 1048 2634 interlecti
1070 2583 1157 2648 sunt,
1181 2571 1295 2659 partim

344 2693 377 2756 in
395 2690 536 2756 exsilium
568 2691 661 2778 ejecti
678 2696 706 2760 ².
743 2693 785 2758 Ar
815 2689 869 2756 hic
892 2690 999 2755 nobile
1018 2690 1116 2756 Attici
1135 2690 1293 2780 ingenium

343 2814 589 2879 animaduertere
609 2811 709 2880 lubet.
734 2810 813 2877 Cum
834 2825 922 2900 patre
944 2823 975 2876 et
996 2811 1064 2874 aliis
1085 2811 1297 2901 compluribus

344 2934 475 3001 extorris
492 2932 597 3022 vagari
618 2931 753 2999 Sullanis
770 2932 1052 3023 proscriptionibus
1079 2933 1194 2998 Murius
1214 2935 1296 3000 filius

345 3055 513 3144 cogebatur
533 3075 709 3144 egenusque
731 3053 808 3119 alibi
835 3054 951 3119 rictum
976 3061 1170 3144 quaercrc³.
1205 3058 1295 3141 Quod

347 3199 446 3270 quum
458 3177 656 3266 comperisset
667 3176 790 3242 Atticus
801 3224 810 3253 ,
822 3176 970 3240 miserum
983 3177 1118 3240 sodalem
1139 3178 1182 3242 ita
1202 3179 1298 3244 bene-

346 3299 506 3386 rolejurit
525 3301 636 3388 opibus
653 3299 738 3378 suis,
759 3310 793 3362 ut
815 3301 881 3387 ejus
904 3299 1041 3388 inopiam
1064 3300 1231 3392 lugarnque
1258 3302 1299 3368 li·

347 3417 496 3484 beraliter
508 3418 642 3507 pecunia
658 3415 831 3483 sublevaret
845 3421 874 3484 ⁴.
900 3420 1033 3485 Tantum
1047 3421 1173 3501 aberat,
1195 3435 1231 3488 ut
1253 3424 1299 3489 sui

349 3541 440 3607 unius
461 3540 748 3606 observantissimus
768 3552 844 3605 esset
863 3543 979 3629 suique
1008 3541 1040 3606 in
1061 3541 1152 3608 rebus
1172 3544 1300 3634 trepidis

386 3751 395 3783 ¹
436 3761 522 3825 Nepos
540 3777 564 3808 c.
584 3757 622 3806 ll.
642 3757 656 3825 §
675 3757 701 3806 l.

386 3852 397 3886 ²
439 3859 579 3925 Appiauus
599 3859 629 3907 Β.
648 3856 797 3912 C.Lib.1.
816 3877 840 3909 c.
859 3860 918 3910 103.

387 3958 397 3991 ³
438 3961 577 4024 Appiauus
599 3957 763 4010 l.1.c.6o.

273 4068 277 4078 ¹
387 4049 398 4085 ⁵
435 4059 521 4125 Nepos
542 4056 603 4108 l.l.
