2970 5144
828 571 872 633 M

366 751 447 818 lis¹.
494 751 731 815 Pretiosissimas
775 771 846 814 varo
887 751 1092 840 possessiones
1136 753 1167 818 ia
1203 755 1325 844 Epiro,

366 885 400 936 ot
411 872 564 951 diximus,
579 872 701 937 Atticus
714 870 851 936 habebat
864 873 903 936 ad
917 870 1084 958 Thyamim
1099 873 1229 938 fluvium
1244 879 1273 955 ²,
1284 889 1318 940 et

367 995 501 1058 maxime
530 993 658 1082 quidem
697 992 730 1054 ia
753 991 939 1080 Thesprotia
962 1005 993 1056 et
1028 989 1196 1058 Chaonie³
1225 1015 1328 1086 prope

366 1113 517 1200 oppidum
539 1111 752 1192 Buthrotum,
774 1113 805 1177 in
828 1137 891 1202 quo
911 1115 978 1203 ipso
997 1113 1093 1179 etiam
1121 1116 1234 1180 domus
1256 1119 1327 1204 ejus

367 1235 547 1298 exstabat&
599 1232 655 1298 llis
687 1233 719 1296 in
752 1233 888 1321 praediis
917 1255 1044 1324 magnas
1076 1235 1181 1300 alebat
1208 1260 1326 1326 pecua·

365 1353 480 1434 rias⁵,
511 1353 605 1420 sicuti
630 1355 729 1418 omnis
749 1357 815 1442 ejus
836 1355 990 1442 pecuniae
1010 1355 1129 1422 reditus
1154 1357 1325 1446 Epiroticis

369 1486 399 1539 et
440 1475 570 1540 urbanis
613 1477 773 1540 constabat
806 1477 1092 1564 possessionibus&
1140 1480 1220 1544 Prae
1251 1479 1326 1544 reli·

368 1598 437 1686 quis
465 1599 495 1662 ei
539 1599 679 1688 placebat
719 1597 811 1676 villa,
846 1601 974 1664 nomine
1001 1599 1224 1680 Amaltho‘um,
1256 1612 1326 1664 ium

366 1721 524 1789 dilabente
560 1725 693 1812 Thyami
726 1737 794 1789 tam
823 1723 976 1789 umbrosis
1002 1725 1135 1812 platanis
1167 1727 1325 1792 amoenis-

365 1845 441 1910 sima
457 1851 493 1926 ⁷,
519 1848 551 1912 in
577 1871 638 1936 qua
658 1843 856 1936 gymaasium
878 1857 1067 1910 exstruxerat
1079 1846 1142 1910 siae
1163 1847 1321 1924 diaetam,

364 1968 474 2034 studiis
495 1969 528 2033 in
552 1970 662 2059 primis
684 1981 895 2056 comparatam
913 1973 942 2033 ³.
991 1967 1206 2032 Praeterhaec
1219 1979 1324 2033 autem

366 2085 489 2151 Atticus
516 2087 601 2152 nulla
621 2089 737 2182 rustioa
757 2089 885 2176 praedia
903 2088 1104 2178 possidebat,
1129 2088 1154 2151 si
1180 2088 1211 2152 in
1233 2089 1326 2155 Sabi·

365 2206 413 2269 nis
434 2207 666 2274 Nomentanum
701 2209 835 2297 excipias
869 2221 963 2302 abque
996 2208 1226 2274 Ardeatinam9
1263 2210 1326 2276 sive

365 2327 569 2396 Lueret'iaum
585 2337 593 2372 ¹
607 2339 635 2403 ⁰.
683 2333 827 2423 Denique
848 2332 902 2398 has
922 2357 989 2399 suas
1002 2335 1207 2422 possessiones
1218 2335 1328 2398 subin·

404 2535 414 2565 ¹
454 2545 508 2598 cic.
527 2549 560 2597 ..a
575 2547 627 2600 Ao.
643 2550 702 2604 aio.
724 2547 776 2603 lv.
791 2549 840 2614 sp.
861 2553 886 2599 1.
905 2549 922 2614 5
940 2547 966 2613 4.
984 2549 1049 2597 auo
1066 2547 1153 2610 igitur
1173 2546 1257 2596 Ataia
1276 2547 1328 2596 a..

363 2660 424 2694 mus
451 2646 479 2694 iu
509 2655 598 2698 sextae
629 2647 744 2712 regionis
773 2628 851 2698 iarbis
870 2655 950 2713 parte
967 2645 1165 2710 nobilissima,
1184 2664 1254 2712 quae
1274 2647 1325 2696 alto

362 2748 446 2794 semita
464 2747 606 2796 nominata
625 2747 679 2798 suia
690 2787 700 2814 ,
721 2757 752 2799 ut
773 2748 900 2799 referunt
916 2745 1002 2798 Rufus
1022 2754 1048 2798 et
1068 2747 1170 2799 Victor.

381 2835 409 2867 '²
450 2842 506 2896 Cic.
536 2847 565 2896 de
597 2847 668 2913 legg.
695 2849 754 2899 Lib.
783 2847 824 2898 Π.
852 2865 877 2898 c.
906 2848 933 2898 3.
971 2847 1040 2913 §73
1060 2847 1093 2898 ad
1109 2845 1239 2898 Ao.1.ib.
1259 2844 1325 2899 VH.

366 2944 417 3008 Ep.
436 2945 461 2996 2.
485 2950 500 3014 5
520 2945 546 2995 3.
680 2937 682 2940 ’

404 3036 415 3067 ³
456 3045 488 3094 ad
507 3043 633 3097 Atabib.
653 3045 701 3100 VI.
719 3049 769 3114 Ep.
788 3048 813 3098 3.
831 3047 844 3115 5
865 3049 890 3099 2.

405 3135 416 3170 ⁴
455 3147 769 3216 Lib.11.13p.6.§a.

408 3229 420 3259 ⁵
457 3245 545 3299 Varro
567 3250 626 3300 Lib.
646 3245 685 3302 ΙΙ.
703 3249 736 3299 lt.
754 3250 786 3298 li.
804 3249 868 3300 init.

410 3341 422 3375 ⁰
456 3351 555 3415 Nepos.
571 3369 596 3400 o·
615 3345 688 3403 XlV.
708 3349 721 3416 5
742 3351 769 3405 3,

405 3451 416 3486 Ἰ
456 3447 512 3499 cic.
532 3447 562 3498 de
580 3446 653 3511 legg.
672 3446 734 3497 Lib.
753 3445 795 3498 li.
813 3465 837 3497 c.
858 3447 884 3496 3.
907 3445 920 3512 5
944 3450 972 3499 7.

403 3536 415 3569 ³
455 3548 488 3596 aa
503 3547 555 3599 Ao.
573 3546 633 3597 sib.
650 3543 675 3599 1.
693 3547 743 3612 ap.
763 3547 804 3598 13.
825 3546 839 3614 5
858 3551 892 3612 13
912 3547 961 3612 ap.
980 3547 1023 3596 16.
1042 3547 1057 3611 5
1079 3549 1120 3596 18.

403 3634 415 3667 ⁹
455 3647 540 3710 Nepos
564 3644 586 3697 l.
607 3645 629 3695 l.

408 3743 438 3781 ¹⁰
480 3749 535 3798 eie.
554 3749 587 3798 ad
609 3748 665 3801 Au.
680 3749 741 3800 Lib.
759 3749 821 3800 vn.
848 3749 897 3814 Ep.
916 3751 958 3799 11.
987 3747 1068 3816 §la
1090 3746 1118 3796 in
1142 3745 1218 3795 illo»
1235 3777 1245 3808 ,
1264 3743 1327 3806 aii,

366 3849 531 3900 «Lucretino
543 3858 589 3902 tuo
601 3847 656 3902 sole
666 3871 689 3900 o.
725 3852 792 3901 Puto
813 3857 904 3900 autem
923 3848 994 3900 hano
1005 3847 1102 3901 viliam
1116 3883 1126 3912 ,
1146 3863 1230 3914 quam
1242 3843 1328 3908 sigui-

365 3951 427 4001 ficat
447 3951 560 4016 Cicero,
582 3952 694 4002 eandem
712 3951 794 4002 fuisse
815 3967 902 4018 quam
918 3947 1117 4014 Ardeatinam
1137 3963 1236 3998 nomen
1253 3945 1327 3998 euim

367 4052 473 4118 pariter
503 4060 585 4120 alque
610 4041 738 4122 adjacens
773 4070 850 4102 mous
883 4051 1045 4114 inarabilis,
1084 4051 1116 4100 do
1146 4067 1201 4116 quo
1233 4051 1326 4100 Horat.
