3042 5140
247 777 358 870 fierit,
382 815 440 858 nec
464 794 636 881 praeseutia
656 771 773 872 modo,
796 792 1090 876 sedetiamfutura,
1116 800 1200 887 quod

244 917 379 982 maxime
419 913 554 980 hominis
596 917 757 980 πολιτικοῦ
787 927 936 1005 putatur,
971 916 1061 982 anxie
1094 939 1130 981 ex
1164 940 1200 981 eo

243 1037 441 1126 quaesiverit.
489 1037 591 1125 Hujus
614 1036 761 1125 politicae
781 1037 990 1125 prudentiae,
1013 1036 1107 1126 hujus
1118 1039 1201 1104 iute-

241 1158 331 1221 rioris
362 1158 501 1224 civilium
524 1178 628 1234 rerunt
651 1155 836 1244 cognitionis
861 1155 971 1223 Cicero
988 1159 1141 1225 rationein
1163 1161 1197 1224 iu

238 1277 350 1365 primis
379 1275 522 1343 habuisse
551 1277 695 1355 videtur,
729 1299 827 1366 quum
858 1278 953 1344 libros
984 1279 1025 1344 de
1046 1282 1192 1371 Legibus

240 1397 411 1484 scripturus
432 1409 498 1460 erat
514 1421 523 1478 ;
538 1397 621 1485 quod
641 1397 768 1474 effecit,
793 1397 872 1462 utin
895 1399 979 1486 gravi
992 1399 1044 1464 itta
1063 1404 1195 1467 materia

238 1518 399 1583 tractanda
413 1517 553 1584 Atticum
575 1518 740 1584 induceret
757 1518 909 1596 tertium,
933 1497 989 1608 qui
1010 1545 1081 1588 cum
1106 1536 1194 1590 utro-

236 1659 298 1726 que
326 1633 478 1702 Cicerone
501 1638 627 1726 dejure
645 1638 827 1729 legibusque
856 1641 1040 1732 disputaret.
1064 1676 1104 1690 ·-
1127 1647 1192 1710 Ita·

235 1787 321 1854 qne,
345 1779 379 1830 ut
390 1763 471 1829 hanc
492 1763 618 1828 tandem
632 1763 844 1851 quaestionem
861 1764 1043 1846 mittamus,
1068 1767 1191 1832 Atticus

234 1906 297 1975 non
322 1884 517 1974 Epicureus,
542 1884 593 1948 sed
618 1885 802 1965 eclecticus,
823 1898 856 1951 ut
883 1889 969 1974 ajunt
982 1937 993 1967 ,
1027 1888 1108 1967 fnit,
1134 1891 1190 1977 qui

233 2029 250 2068 e
273 2006 355 2070 varia
376 2005 638 2096 philosophorum
661 2007 846 2096 discipline,
871 2023 905 2074 ut
935 2033 970 2076 ea
989 2024 1089 2076 aetate
1111 2011 1189 2101 plu-

231 2127 348 2191 rimum
375 2126 514 2191 solebant
546 2129 700 2208 Romani,
726 2128 853 2216 eligeret
884 2131 966 2210 sibi,
1000 2155 1079 2222 quae
1107 2155 1188 2199 cou-

229 2251 311 2312 ferre
336 2250 469 2312 maxime
486 2249 524 2312 ed
547 2249 694 2313 virtutem
716 2241 875 2338 bonosque
904 2273 1004 2317 mores
1030 2252 1185 2316 videban-

229 2383 292 2435 tur.
340 2367 393 2434 Sic
414 2390 487 2432 nero
508 2368 547 2432 ad
568 2369 664 2432 vitain
694 2369 891 2456 degendam,
916 2393 979 2436 non
1009 2373 1048 2438 ad
1083 2386 1185 2438 osten·

228 2491 379 2554 tutionem
394 2487 593 2578 philosophia
615 2492 713 2553 usus1
731 2533 742 2565 ,
767 2489 871 2554 vivere
888 2503 919 2554 et
939 2503 1023 2556 recte
1047 2505 1078 2556 ct
1096 2494 1186 2558 beate

228 2613 442 2700 Pomponius,
489 2612 612 2701 qualem
651 2633 776 2698 quoquc
809 2613 1031 2699 cognovimus,
1068 2614 1184 2702 potuit.

227 2733 377 2798 «Nam»
408 2735 490 2819 (utar
524 2731 710 2799 auctoritate
740 2733 903 2822 verbisque
943 2734 1052 2818 Tullii)
1087 2737 1183 2800 «sive

145 2879 153 2890 ·
225 2851 393 2917 oblectatio
446 2852 607 2941 quaeritur
647 2852 745 2917 animi
789 2853 974 2942 requiesque
1009 2875 1178 2936 curarum;

223 2995 305 3060 quae
327 2973 462 3036 conferri
495 2995 700 3039 cumeorum
730 2975 838 3040 studiis
863 2987 986 3064 potest,
1021 2979 1075 3065 qui
1102 3000 1182 3042 seur·

222 3116 280 3182 per
312 3093 431 3182 aliquid
453 3095 648 3182 anquirunt,
683 3095 766 3182 qood
796 3110 916 3183 spectet
947 3111 977 3162 et
1010 3099 1108 3163 valeat
1141 3101 1179 3164 nd

114 3275 123 3290 ,
221 3219 304 3281 beue
340 3217 494 3305 beateque
529 3215 726 3281 vivendum?
773 3217 834 3281 sive
867 3217 947 3280 rutio
989 3219 1179 3282 constantiae

220 3337 408 3426 virtutisque
418 3337 544 3403 ducitur
561 3363 569 3418 ;
585 3348 639 3402 aut
658 3336 735 3401 heco
753 3359 800 3402 ars
812 3350 879 3416 est,
905 3349 957 3402 aut
971 3337 1056 3402 nulia
1077 3339 1178 3402 omui·

217 3487 282 3541 uo,
308 3487 364 3552 per
390 3487 485 3553 quam
509 3488 558 3529 eas
579 3485 777 3554 assequamur
799 3489 819 3530 >›
838 3471 867 3536 ².
916 3467 1001 3530 Haec
1036 3467 1075 3530 dc
1099 3466 1172 3554 phi-

218 3582 356 3674 losophis
379 3584 478 3651 Attici
499 3585 628 3665 studiis3
652 3589 717 3674 jarn
739 3600 841 3652 cetera
862 3573 1088 3676 aggrediemur.

265 3707 322 3772 Uti
342 3730 421 3796 puer
443 3708 561 3797 ingenii
585 3708 768 3787 docilitate,
796 3711 838 3774 ita
861 3695 1037 3777 adolescens
1060 3713 1176 3777 doctri-

257 3966 265 3999 ¹
307 3980 437 4044 Nepostt.
454 3975 628 4046 XV11.§3.
671 4029 675 4040 ,

254 4074 265 4107 ²
306 4080 413 4133 nin.11
446 4084 542 4150 reoff.
569 4084 715 4152 ente.
