3042 5146
458 1297 620 1405 &aput
660 1293 925 1432 mutatum.

447 1634 557 1702 ΑΪΤΙΟΙ
580 1634 738 1682 INGENIUM
761 1636 803 1680 ET
827 1636 940 1686 MORES·

254 2289 328 2356 Jam
346 2287 511 2378 aliquoties
541 2289 573 2353 in
605 2290 666 2353 vita
699 2287 798 2356 ‚laici
830 2267 990 2353 tractantis
1021 2286 1166 2352 admirati

206 2409 360 2499 insignem
381 2431 486 2474 sumus
503 2408 562 2473 viri
583 2407 784 2498 prudentiam
802 2407 963 2496 animique
975 2407 1162 2496 singularem

204 2528 476 2624 magnitudinem,
501 2552 562 2618 qua
583 2528 674 2593 variis
694 2529 774 2593 vitae
792 2527 985 2618 temporibus
1009 2541 1157 2593 usustum

205 2651 321 2717 nobilis
343 2654 424 2716 inter
446 2650 588 2740 aequales
611 2650 769 2716 serebatur
784 2663 854 2717 turn
887 2648 1000 2714 horum
1023 2651 1161 2740 ipsorum

204 2771 378 2836 commodis
406 2772 564 2861 praeclare
591 2771 762 2843 consuluit.
828 2768 1041 2838 Veruntamen
1073 2772 1162 2859 plura
1224 2809 1232 2836 s

204 2893 386 2971 omisimus,
411 2915 491 2981 quae
514 2917 531 2956 a
550 2895 671 2983 Nepote
692 2893 833 2958 consulto
858 2886 1001 2972 tradita,
1027 2916 1045 2956 a
1069 2891 1160 2959 Cice·

202 3035 279 3078 rone
293 3035 364 3078 raro
384 3013 486 3079 obiter
508 3029 703 3096 memorata,
728 3016 830 3081 lucem
872 3017 1037 3081 offundunt
1068 3018 1162 3084 Pom·

203 3135 293 3225 ponii
329 3136 467 3202 moribus
507 3151 538 3202 et
578 3150 719 3226 congesta
752 3116 908 3202 illustrem
939 3139 1005 3225 ejus
1036 3158 1161 3225 reprae-

205 3268 327 3322 sentant
368 3255 558 3346 imaginem,
593 3258 659 3322 siue
684 3281 762 3346 qua?
783 3257 925 3346 cognosci
966 3257 1091 3345 penitus
1130 3270 1160 3321 et

201 3376 370 3464 dijudicari
390 3390 475 3442 reete
492 3399 554 3441 non
573 3377 680 3467 possit.
706 3377 792 3443 Haeo
814 3389 920 3442 autem
936 3376 1034 3444 Attici
1057 3379 1160 3466 imago

201 3522 265 3566 non
289 3512 351 3565 tam
375 3500 515 3565 absoluta
537 3500 627 3564 nobis
648 3511 743 3588 atque
772 3500 913 3588 perfecta
934 3498 1076 3568 habenda
1091 3513 1160 3581 est,

201 3632 236 3684 ut
258 3622 319 3686 tale
340 3622 498 3687 contiueat
517 3621 672 3687 humanae
682 3623 890 3713 praestantiae
904 3623 1081 3713 exemplar,
1108 3623 1159 3686 cui

198 3743 326 3831 quidem
348 3743 386 3808 od
408 3757 653 3810 consummatam
676 3746 824 3811 virtutem
860 3746 941 3811 nihil
965 3770 1156 3837 magnopere

200 3862 300 3942 desit3
327 3902 372 3913 -
396 3877 440 3930 est
460 3867 543 3931 enim
566 3865 627 3932 hoo
652 3867 701 3932 vel
724 3869 853 3956 optimis
886 3869 1066 3936 hominibus
1084 3893 1158 3958 pro-

198 3985 327 4073 prium,
352 3998 385 4051 ut
409 3989 555 4053 aberrent
587 3987 722 4054 subinde
756 3999 850 4076 atque
871 3989 910 4054 do
932 4002 1016 4055 recta
1035 3992 1082 4055 via
1103 3990 1158 4056 de-

198 4108 347 4187 lleotant,
374 4131 475 4198 noque
501 4110 620 4208 Atticus
645 4111 721 4184 adeo
739 4108 886 4176 vitiorum
906 4111 1157 4197 immunisplane
