3042 5140
640 612 643 618 ·
748 580 811 644 165

302 760 366 824 imo
395 761 540 841 Atticus,
566 759 690 849 qualem
709 781 782 824 eum
808 759 958 848 proponit
982 756 1114 837 Cicero,
1151 756 1255 821 Plato·

302 903 375 945 nem
395 879 553 968 conlegit
576 892 722 960 tautum,
747 881 799 944 sed
822 903 935 970 magno
956 881 1050 946 etiam
1078 892 1123 944 est
1153 878 1256 945 studio

304 1015 334 1066 et
357 1024 462 1068 amore
472 1015 663 1091 prosecutus.
712 1005 813 1082 Nam,
839 1005 894 1070 ubi
916 1005 1047 1070 inlibris
1059 1004 1099 1068 de
1111 1005 1256 1094 Legibus

304 1122 427 1190 Marcus
447 1124 546 1191 dixit:
574 1123 725 1214 «Sequar
748 1125 863 1213 igitur,
890 1137 924 1188 ut
949 1123 1091 1204 institui,
1116 1122 1257 1186 divinum

305 1242 395 1308 ilium
417 1244 542 1323 rirum;
570 1266 692 1332 quem,
716 1243 850 1332 quadam
882 1243 1088 1308 admiratione
1118 1263 1257 1308 eommo-

307 1376 376 1442 tus,
401 1365 523 1453 saepius
543 1364 670 1430 sortasse
691 1363 782 1428 laudo
804 1385 899 1452 quam
922 1385 1045 1428 necesse
1076 1375 1178 1442 est»,
1210 1359 1259 1424 his

308 1506 379 1548 eum
398 1486 513 1574 excipit
533 1486 725 1574 Pomponius
746 1485 867 1552 verbis:
895 1485 1090 1551 «Platonem
1116 1484 1262 1550 videlicet

308 1605 401 1674 dieis,
426 1643 471 1654 -
496 1607 542 1672 Tu
570 1629 643 1672 vero
666 1630 738 1672 eum
762 1629 821 1672 nec
852 1608 946 1673 nimis
977 1610 1066 1674 valde
1085 1631 1261 1698 umquam,

309 1727 482 1796 necuimis
504 1750 594 1816 saepe
630 1727 823 1794 laudaveris:
861 1749 934 1791 nam
965 1727 1025 1793 hoc
1057 1728 1136 1792 mihi
1169 1729 1262 1793 etiam

313 1849 410 1913 nostri
426 1847 496 1926 itti,
521 1848 578 1937 qui
599 1848 782 1926 neminem,
807 1848 865 1911 uisi
884 1867 973 1912 suum
994 1847 1113 1912 laudari
1135 1846 1266 1930 volunt,

312 1969 511 2049 concedunt,
536 1981 572 2035 ut
584 1993 656 2035 eum
679 1971 831 2040 arbitratu
849 1993 920 2035 meo
943 1968 1105 2059 diligam»
1124 1973 1151 2037 ¹.
1199 1972 1266 2038 Nec

315 2091 449 2171 desunt,
484 2091 599 2186 quihus
621 2091 904 2180 Peripateticorum
927 2092 1079 2156 rationem
1099 2092 1139 2154 ab
1160 2088 1268 2156 Attico

314 2214 505 2301 exploratam
530 2213 749 2303 cognitamque
768 2213 860 2278 fuisse
880 2212 1028 2278 affirmari
1046 2211 1155 2300 possit.
1203 2212 1269 2277 Aa·

315 2345 346 2398 te
366 2331 470 2398 Clodii
482 2334 750 2411 Triumuiratum,
775 2358 871 2423 quum
884 2338 951 2421 jam
972 2338 1033 2402 sois
1053 2338 1146 2402 rebus
1159 2333 1269 2402 Cicero
1340 2399 1346 2410 ,

316 2453 459 2528 diffidere
484 2466 652 2543 coeperat,
677 2453 756 2520 haec
774 2455 814 2518 ad
835 2456 977 2523 Atticum
998 2457 1121 2524 scribit:
1149 2459 1273 2524 «Nunc

318 2602 442 2670 prorsus
471 2580 532 2647 hoc
554 2581 666 2660 statui,
693 2594 750 2661 ut,
776 2583 924 2671 quoniam
956 2595 1042 2647 tanta
1066 2581 1273 2646 controversia

318 2713 363 2767 est
387 2699 602 2781 Dicaearcho,
637 2703 785 2768 familiari
816 2716 893 2783 tuo,
931 2726 1003 2770 oum
1035 2702 1272 2791 Theophrasto,
1366 2753 1372 2770 .

320 2821 423 2887 amico
444 2845 533 2900 meo,
570 2838 604 2889 ut
628 2822 681 2889 ille
703 2838 773 2890 tuus
807 2829 863 2892 τὸν
896 2829 1068 2911 πρακτικὸν
1091 2827 1162 2912 βίον
1184 2824 1275 2914 longe

322 2943 468 3008 omuibus
477 2957 644 3031 anteponat
656 2992 666 3022 ,
678 2944 844 3011 hicautem
857 2951 911 3012 τὸν
921 2949 1113 3030 θεωρητικόν
1126 2990 1136 3023 ,
1149 2943 1276 3032 utrique

293 3088 295 3094 ·
325 3085 501 3126 amemus
522 3077 622 3151 gestus
645 3066 882 3134 essevideatur.
930 3066 1009 3130 Puto
1031 3065 1115 3128 enim
1146 3086 1198 3128 me
1218 3063 1279 3127 Di-

325 3182 476 3248 caearcho
499 3185 615 3253 affatim
638 3184 843 3250 satisfecisse:
868 3184 1002 3273 respicio
1024 3204 1108 3247 nunc
1140 3182 1178 3246 ad
1199 3182 1281 3249 hauc

326 3303 490 3370 furniliam.
515 3342 559 3354 -
585 3304 686 3386 Quare
696 3305 938 3383 incumbamus,
963 3327 981 3368 o
1002 3315 1105 3367 noster
1124 3301 1216 3383 Tite,
1241 3305 1280 3369 ad

328 3427 380 3492 illa
392 3425 551 3514 praeclara
571 3426 671 3492 studia
695 3441 725 3492 et
738 3451 796 3505 eo,
824 3428 908 3493 unde
929 3427 1091 3494 discedere
1109 3449 1171 3491 uon
1185 3449 1282 3515 opor.

330 3549 391 3614 tuit
406 3599 415 3629 ,
440 3547 610 3637 aliquando
632 3559 822 3612 revertamur
835 3571 857 3612 »
872 3551 901 3616 ².

378 3669 463 3734 Haeo
492 3667 620 3749 omnia,
660 3691 740 3757 quae
769 3669 978 3747 adduximus,
1015 3669 1072 3732 etsi
1104 3669 1174 3757 quis
1207 3668 1288 3734 nihil

335 3793 459 3858 efficere
482 3793 587 3871 dicat,
613 3805 647 3857 ut
670 3815 741 3858 rere
764 3792 886 3858 Atticus
911 3790 974 3856 dici
989 3801 1144 3854 mercatur
1155 3790 1195 3854 ab
1215 3787 1289 3854 hor-

369 3942 379 3974 1
420 3944 450 3994 a
469 3944 541 4008 regg.
561 3944 732 3997 aas.111.c.
752 3949 779 3998 1.
797 3943 858 3996 sair.

369 4031 380 4061 ²
422 4043 746 4114 mu.11.up.1o.§a.
897 4029 901 4044 ¹
