2970 5144
780 640 820 701 14

362 819 535 884 Subsistere
553 817 613 883 hcc
633 817 702 882 loco
723 829 754 881 et
776 817 875 907 ipsam
895 819 1141 907 disputationem
1164 819 1272 908 aggre-

318 939 351 1002 di
369 940 499 1018 liceret,
523 938 588 1003 nisi
601 938 736 1002 breviter
756 937 925 1004 dicendum
955 939 1113 1004 videretur
1138 941 1177 1005 de
1198 943 1271 1030 qni-

315 1049 445 1126 busdam
474 1060 596 1149 scriptis
608 1109 618 1139 ,
649 1083 730 1148 quae
760 1045 831 1126 cnm
864 1074 1046 1149 argumento
1068 1076 1173 1130 nostro
1194 1087 1269 1130 con-

310 1183 421 1266 juncta
439 1181 613 1246 recentiore
634 1194 734 1247 aetate
754 1183 952 1271 prodierunt.
978 1185 1091 1251 Omnia
1116 1185 1177 1252 hoc
1200 1188 1270 1254 loco

315 1327 490 1370 memorare
520 1304 601 1371 nihil
635 1329 712 1395 opus
739 1319 784 1373 est
797 1356 805 1385 ,
817 1305 826 1388 ξ
838 1329 910 1372 cum
937 1308 968 1371 in
987 1309 1189 1374 annotatione
1207 1311 1268 1377 sint

315 1429 463 1496 indicata.
495 1430 573 1493 Prae
594 1430 661 1495 aiiis
689 1441 793 1494 tamen
814 1429 875 1492 viri
895 1430 1056 1517 cujusdem
1079 1445 1124 1496 est
1150 1433 1268 1497 mentio

313 1551 477 1630 iacienda,
497 1553 552 1640 qui
571 1552 726 1641 opusculis
738 1551 799 1618 suis
810 1551 885 1618 alios
902 1551 1063 1632 excitarit,
1076 1555 1113 1618 ad
1134 1575 1266 1642 quorum

313 1673 492 1761 opinionem
512 1697 655 1762 magnam
673 1696 806 1763 eamque
818 1673 1026 1762 perniciosam
1046 1675 1108 1738 vim
1121 1675 1264 1741 exseruit.

312 1795 469 1862 Abbatem
488 1797 559 1862 dieo
582 1798 622 1860 de
646 1795 698 1864 St.
713 1796 815 1863 litat.
842 1795 949 1862 Edidit
961 1793 1015 1860 hic
1030 1793 1149 1860 Gallice
1160 1794 1265 1883 linqui
1343 1857 1347 1866 ,

311 1916 457 2004 scriptam
492 1917 814 1996 dissertatiunculam,
860 1915 1073 1984 Cesarionem
1113 1917 1264 1995 nomine,
1310 1923 1315 1928 '

312 2039 343 2100 in
365 2037 484 2125 quade
505 2038 605 2104 Attici
625 2038 749 2127 ingenio
776 2038 910 2126 plurima
930 2037 1111 2127 disputavit.
1161 2038 1264 2104 Lectis

305 2161 372 2245 jam
402 2172 433 2224 et
464 2160 597 2237 notatis,
628 2181 707 2247 quae
737 2159 776 2222 de
800 2159 905 2224 Attico
933 2158 1016 2248 apud
1033 2170 1151 2224 veteres
1175 2158 1265 2224 inve-

310 2279 458 2356 niuntur,
491 2279 638 2366 equidem
657 2279 692 2344 in
713 2279 844 2344 Abbatis
866 2279 1068 2369 scriptionem
1086 2278 1185 2346 incidi
1207 2295 1261 2361 et,

309 2402 426 2466 mirum
464 2401 569 2466 dictu!
601 2425 680 2492 quae
702 2402 768 2469 illic
790 2405 829 2469 de
849 2403 1014 2492 Pomponii
1035 2404 1174 2469 moribus
1195 2404 1262 2469 lau·

310 2523 426 2587 debilia
464 2525 661 2603 inveneram,
705 2524 757 2590 hic
799 2527 891 2614 plane
927 2527 1067 2615 legebam
1107 2529 1261 2592 contraria

309 2645 501 2736 virtutesque
539 2649 603 2734 ejus
647 2648 686 2711 ab
723 2647 859 2735 antiquis
906 2647 1074 2713 celebratas
1119 2647 1263 2713 animad-

308 2770 465 2834 vertebam
505 2769 538 2832 in
575 2771 649 2834 vitia
685 2790 857 2836 conversas.
905 2767 1013 2855 Reiegi
1047 2768 1256 2855 opusculum

210 2896 213 2904 '
286 2890 424 2981 xrelecto
461 2902 582 2969 autern,
622 2888 698 2977 quid
730 2889 846 2978 putes?
889 2889 1072 2977 scriptorem
1107 2890 1259 2976 cognovi,

309 3013 363 3100 qui
384 3014 470 3099 quid
486 3033 599 3076 nerum
622 3021 720 3098 alque
751 3011 867 3075 decens
891 3023 954 3074 tam
984 3031 1098 3100 parum
1124 3021 1260 3076 coartaret

308 3144 339 3197 et
361 3142 525 3224 rogaret,
542 3145 578 3196 ut
597 3131 756 3196 falsissima
779 3155 923 3221 quaeque
946 3155 982 3196 ac
1003 3133 1179 3221 turpissima
1196 3131 1259 3197 Ne-

306 3255 373 3343 poti
406 3267 436 3320 et
464 3256 571 3328 Attico
603 3255 754 3322 tribueret
764 3306 774 3336 ,
808 3255 897 3320 illum
927 3255 1098 3322 mendaciis
1128 3259 1257 3345 plenum

306 3360 489 3470 scriptorem
514 3382 750 3471 pronuntiaret,
784 3382 869 3447 hunc
899 3381 1082 3462 hominem,
1105 3384 1259 3450 humanae

305 3501 445 3565 societati
473 3501 781 3590 perniciosissimum.
809 3528 829 3565 «
842 3505 883 3569 At
905 3504 1082 3592 probaverit
1101 3521 1202 3571 tamen
1215 3557 1223 3586 ,
1238 3532 1258 3569 >r

305 3621 445 3708 inquies,
481 3644 594 3710 «quae
621 3625 728 3690 eii'etns
758 3635 814 3690 est.
830 3649 849 3688 >r
876 3623 1036 3690 [movero
1063 3639 1155 3705 sunt,
1179 3617 1257 3718 quae

304 3742 438 3829 probare
456 3742 574 3812 voiuit:
597 3741 649 3808 sed
673 3745 864 3834 argumentis
886 3747 1001 3834 partim
1023 3747 1123 3826 fictis,
1143 3748 1256 3835 partim

304 3861 400 3928 etiam
432 3886 448 3927 e
483 3861 635 3930 Cicerone
666 3865 862 3954 desumptis,
894 3866 993 3955 iisque
1015 3867 1064 3932 vei
1085 3868 1257 3955 depravatis

302 3985 352 4048 vel
383 3985 426 4050 ed
458 3987 590 4051 alienam
622 3987 807 4053 sententiam
840 3988 1018 4068 contortis,
1041 4009 1120 4078 qnae
1153 3994 1257 4058 omnia

304 4120 410 4192 aperte
431 4107 531 4172 virum
555 4107 692 4194 produnt
718 4108 853 4173 vanitate
881 4123 983 4195 atque,
1001 4109 1165 4181 insolentia
1190 4111 1255 4198 ple-
