3042 5140
783 563 847 665 rso

335 783 394 848 diis
409 805 535 872 quoqne
556 783 638 846 inter
655 780 740 846 hunc
761 794 929 870 utrumque
953 780 1176 846 commercium
1203 782 1286 860 fnit,

335 901 419 990 qnod
454 902 493 968 ad
519 914 709 969 senectutem
740 923 838 990 nsque
868 901 969 989 rigere
1000 902 1197 991 permansit,¹
1226 926 1287 992 qua

337 1024 416 1090 adeo
437 1036 537 1090 aetate
560 1024 665 1090 Attico
690 1023 846 1112 inscripsit
879 1021 1000 1087 Tullius
1028 1021 1183 1089 Catonem
1207 1023 1286 1088 Mo·

326 1145 463 1230 jorem,
498 1146 626 1234 cupiens
658 1157 690 1208 et
719 1144 855 1208 amioum
883 1156 914 1208 ct
941 1165 971 1207 se
1001 1142 1161 1208 communi
1193 1163 1287 1209 onere

336 1263 453 1342 levari,
489 1277 543 1328 aut
571 1265 636 1350 jam
660 1262 820 1350 urgentis,
844 1273 897 1328 aut
919 1275 1003 1327 certe
1022 1261 1217 1326 adventantis
1239 1284 1286 1326 se-

336 1385 511 1453 nectutis¹.
561 1387 628 1470 Quo
661 1409 732 1450 vero
771 1383 893 1474 egregie
920 1386 945 1448 is
963 1383 1103 1472 prodidit
1121 1383 1286 1472 palamque

336 1504 527 1594 praedicarit
550 1505 694 1570 intimam
715 1504 800 1568 illam
830 1501 1074 1567 familiaritatem
1106 1514 1286 1591 arctamque

336 1625 619 1704 necessitudinem,
644 1623 798 1716 quaesibi
822 1646 893 1688 cum
916 1621 1090 1712 Pomponio
1111 1622 1287 1688 intercede-

336 1748 410 1826 bat,
456 1746 579 1812 libellus
619 1759 687 1827 est,
732 1767 826 1836 quem
861 1743 903 1807 de
923 1746 1103 1810 *Amicitia
1135 1743 1286 1830 scriptum

338 1867 443 1932 Attico
472 1867 556 1933 misit
586 1879 680 1956 atque
715 1866 881 1933 dedicarit.
929 1863 1162 1929 «Gumenim
1194 1849 1297 1956 saepe!

340 2011 466 2054 mecum
498 2011 635 2077 ageres»
662 1989 719 2074 (ita
744 1986 776 2050 in
798 1986 990 2075 praefatione
1010 1986 1049 2049 ad
1071 1986 1209 2074 amicum
1240 1983 1286 2048 lo·

336 2112 480 2200 quitur),
505 2133 527 2172 r<
541 2122 575 2173 nt
596 2108 794 2173 deamicitia
818 2109 986 2172 scriberem
1017 2106 1159 2196 aliquid,
1194 2107 1287 2196 digna

337 2228 481 2294 mihi-res
504 2250 576 2292 cnm
599 2227 739 2293 omnium
763 2229 964 2316 cognitione,
996 2241 1063 2294 tum
1095 2241 1200 2294 nostra
1233 2229 1288 2294 fa-

335 2350 516 2416 miliaritate
540 2351 603 2416 visa
635 2364 692 2420 est.
717 2386 758 2398 -
780 2352 823 2418 Ut
844 2364 908 2415 tom
933 2349 971 2412 ad
1002 2371 1107 2414 senem
1134 2371 1225 2414 senex
1246 2347 1287 2414 de

334 2483 513 2550 senectute,
537 2472 580 2536 sic
603 2471 663 2538 hoc
684 2473 766 2537 libro
787 2473 824 2536 ad
853 2471 988 2536 amicum
1022 2450 1225 2564 amicissimus
1245 2469 1286 2534 de

335 2594 473 2660 amicitia
496 2595 652 2684 scripsi.»
699 2593 762 2660 Sed
785 2593 958 2658 accuratius
979 2590 1137 2656 rideamus
1157 2591 1197 2654 de
1217 2603 1303 2669 stu-¹

334 2715 458 2782 diorum
479 2716 624 2782 societate
642 2729 673 2782 et
696 2715 905 2792 commercio,
932 2715 1016 2802 quod
1038 2686 1287 2780 Ciceroncm'in-

334 2847 382 2900 ter
405 2848 435 2900 et
454 2836 594 2904 Atticum
614 2837 718 2900 locum
748 2835 890 2900 habuisse
910 2837 1062 2904 novimus.

381 2953 515 3036 Cicero,
539 2967 574 3019 ut
595 2978 688 3022 omne
711 2958 775 3022 fere
806 2971 950 3047 tempus,
985 2959 1069 3048 quod
1094 2959 1154 3024 sibi
1175 2958 1286 3025 aciri-

334 3079 437 3160 lihus,
463 3081 637 3147 forensibus
661 3082 791 3173 aliisque
813 3047 905 3148 rebus
918 3097 1099 3172 supererat,
1124 3085 1157 3148 in
1178 3086 1286 3152 studiis

332 3205 397 3270 fere
429 3206 621 3293 consumpsit
654 3205 862 3294 operibusque
899 3205 990 3270 variis
1022 3195 1285 3285 conscribendis,

333 3327 376 3392 ita
405 3327 438 3389 in
461 3324 546 3391 hisce
571 3324 669 3390 Attici
691 3347 784 3413 opera
805 3325 882 3392 adeo
904 3325 933 3390 ei
955 3325 1015 3390 fuit
1033 3339 1142 3414 grata,
1168 3339 1201 3392 ut
1222 3327 1285 3392 sire

333 3449 399 3533 cjns
427 3445 584 3532 judicium
611 3458 756 3532 expetere
788 3445 851 3510 sire
866 3445 927 3510 alio
949 3446 1076 3511 nomine
1099 3446 1284 3514 industriam

333 3578 364 3630 et
393 3564 541 3630 auxilium
574 3564 741 3651 implorare
773 3565 841 3630 fere
860 3588 1022 3656 nunquam
1050 3566 1282 3634 intermitteret.

333 3684 475 3750 Vicissim
507 3683 651 3764 Atticus,
686 3686 711 3749 si
734 3689 942 3776 cujusquam,
964 3686 1060 3753 Tullii
1081 3689 1204 3778 scriptis
1226 3711 1284 3753 re-

332 3805 495 3871 hementer
520 3805 763 3870 delectabatur²
790 3820 821 3873 et
850 3820 1003 3898 perpetuo
1035 3831 1108 3875 eum
1139 3809 1178 3873 ad
1208 3811 1283 3876 sori·

369 3963 379 3996 ι
419 3955 731 4010 deSonect.c.iinit.

366 4083 377 4116 2
424 4051 485 4106 tib.
513 4054 550 4104 11.
580 4056 630 4122 Ep.
658 4063 683 4110 1.
710 4057 723 4124 5
753 4058 781 4124 33
812 4053 875 4110 Lib.
893 4054 1014 4127 1V.Ep.
1034 4059 1165 4128 totta,
1188 4062 1224 4126 3,
1247 4062 1282 4124 83
