3042 5146
843 607 885 669 96

376 788 471 852 instar
494 787 590 851 tuitus
624 791 713 852 est¹.
763 787 859 875 ‹alpsi
881 797 984 850 autern
1017 785 1200 865 Fuluiae»,
1226 791 1348 856 —sic

376 909 461 974 enim
488 910 590 999 pergit
609 909 716 997 Nepos
737 947 778 964 -
802 929 932 997 «quum
963 905 1073 971 litibus
1106 907 1344 988 distineretur,

376 1033 556 1121 magnisque
577 1031 749 1097 terroribus
767 1043 951 1110 vexaretur,
979 1032 1062 1095 tantia
1084 1030 1246 1120 diligantid
1269 1036 1345 1100 olla-

379 1155 463 1220 oinm
486 1177 576 1218 suum
597 1154 777 1242 praestitit,
801 1167 836 1219 ut
852 1153 973 1219 nullum
997 1153 1050 1219 illa
1074 1157 1342 1222 stiteritradimo-

378 1278 464 1342 nium
481 1278 547 1342 sine
561 1277 691 1358 Attico,
717 1276 771 1342 hic
792 1300 920 1368 sponsor
941 1277 1081 1342 omnium
1103 1298 1208 1342 rerum
1230 1278 1338 1346 luerit.

378 1399 460 1484 Quin
485 1399 602 1478 etiam,
638 1421 735 1489 quum
765 1398 818 1464 illa
855 1397 989 1464 fundum
1022 1397 1336 1485 (secundalfortuui)

378 1523 500 1588 emisset
530 1523 562 1585 in
588 1521 697 1597 diem,
722 1543 823 1612 neque
851 1532 921 1609 post
944 1518 1152 1586 calamitatem
1183 1541 1336 1584 versuram

376 1644 479 1708 facere
501 1643 673 1732 potuisset,
710 1642 762 1706 illc
794 1665 825 1707 se
862 1644 1074 1729 interposuit,
1107 1641 1337 1728 pecuniamque

377 1756 443 1822 sine
467 1757 594 1824 loeuorc
606 1758 735 1847 sineque
758 1758 820 1823 ulla
839 1758 1040 1847 stipulatione
1062 1739 1118 1842 (ei)
1132 1754 1267 1820 credidit
1280 1763 1334 1822 >›².

379 1879 530 1958 Interim,
557 1879 640 1969 quod
654 1879 784 1944 minime
807 1875 1050 1967 exspectaveris,
1079 1875 1233 1942 Antonius
1252 1887 1336 1942 tanto

379 2001 461 2066 malo
480 2014 602 2090 ereptus
623 2000 725 2064 subito
751 2013 807 2065 est.
856 1999 908 2076 Is,
933 1997 1156 2086 pariteratque
1178 1995 1333 2084 Lepidus,

378 2124 418 2187 ab
439 2120 566 2188 Octavio
590 2100 688 2186 literis
707 2121 843 2209 petitus,
869 2118 954 2184 hune
986 2119 1162 2184 Bononiam
1191 2119 1334 2185 convenit

378 2267 451 2309 cum
474 2243 573 2329 iisque
597 2223 788 2330 reipublicae
802 2242 1038 2309 constituendae
1058 2243 1238 2309 societatem
1250 2243 1333 2312 iniit.

379 2365 458 2430 Tum
493 2386 564 2428 sero
596 2365 749 2430 Antonius
777 2377 808 2428 et
837 2362 996 2450 Lepidus,
1032 2376 1162 2452 propter
1189 2364 1222 2428 id
1253 2362 1333 2453 quod

377 2489 456 2577 passi
478 2488 601 2552 fuerant
620 2487 756 2564 infensi,
783 2487 895 2551 frustra
911 2484 1084 2554 reluctante
1102 2484 1253 2564 Octavio,
1278 2486 1333 2549 im-

378 2631 503 2674 manem
532 2608 815 2698 proscriptionem,
841 2611 934 2696 cnjus·
952 2609 1128 2700 exemplum
1159 2607 1247 2676 Sulla
1277 2608 1331 2673 de·

378 2733 489 2810 derat,
514 2735 749 2797 renova1·unt³.
799 2731 964 2796 Praeterea
984 2753 1076 2794 nemo
1107 2730 1270 2821 quisquam
1301 2753 1335 2795 er

378 2852 439 2929 iis,
464 2851 519 2940 qni
534 2851 583 2914 rel
606 2848 770 2914 Caesarem
798 2843 1024 2914 interfecerant
1056 2850 1105 2914 sel
1137 2852 1205 2940 ejus
1238 2849 1333 2914 inter-

376 2971 546 3034 fectoribus
566 2969 727 3048 laverant,
752 2969 852 3035 sulvus
886 2972 1011 3037 futurus
1042 2971 1219 3040 videbatur.
1267 2971 1334 3038 Imo

378 3094 411 3160 in
433 3093 680 3183 proscriptorum
712 3093 886 3181 catalogum
914 3093 1063 3182 adscripti
1091 3094 1243 3172 fuerunt,
1280 3095 1334 3182 qui

378 3216 462 3282 nulli
483 3216 542 3282 alii
565 3216 604 3282 de
628 3217 722 3282 causei
743 3215 941 3303 deliquerant
956 3223 1058 3305 'quam
1079 3215 1164 3306 quod
1194 3215 1335 3280 triumvi-

376 3360 483 3405 rorum
495 3340 632 3405 iuimicis
652 3338 747 3403 amici
768 3338 1056 3405 adnumerabantur
1071 3339 1101 3405 ⁴.
1121 3334 1334 3425 Itaquedtti-

378 3480 433 3524 eus
454 3480 582 3549 quoque
598 3460 727 3524 suturae
747 3430 842 3548 strepi
854 3461 988 3548 effugere
1001 3482 1064 3525 non
1086 3482 1174 3549 posse
1193 3457 1335 3547 plurimis

416 3659 426 3691 ¹
466 3671 540 3721 Hune
557 3688 734 3722 communem
744 3671 826 3723 fuisse
842 3669 980 3724 Ciceronis
996 3679 1078 3740 atqua
1094 3669 1178 3721 Attici
1190 3666 1331 3732 amicum,

376 3776 452 3833 patet
473 3770 556 3821 etiam
577 3789 608 3821 ex
628 3768 709 3822 initio
728 3771 788 3824 Lib.
814 3770 860 3823 lll.
878 3773 912 3822 ad
929 3772 991 3828 Dio.
1009 3771 1059 3839 Ep,
1075 3772 1119 3822 26.

415 3865 426 3897 ²
465 3871 550 3934 Nepos
568 3889 593 3922 c.
612 3869 659 3927 lx.
681 3871 695 3940 §
715 3870 795 3924 9-5·

415 3966 426 4000 ²
466 3964 593 4038 Vellejus
613 3973 726 4024 Para.
746 3973 856 4024 meib·
876 3971 915 4023 ll·
937 3978 1016 4029 c·(56·
1042 3978 1055 4046 §
1085 3978 1109 4028 1.

413 4047 428 4082 ⁴
466 4068 606 4134 Appianas
619 4072 650 4124 B.
669 4073 699 4123 C.
716 4072 778 4126 tib.
795 4070 847 4124 IV·
866 4092 890 4127 α.
913 4070 940 4130 5.
957 4076 1073 4137 inieci.
1095 4079 1181 4144 Nepos
1198 4095 1222 4127 e·
1234 4075 1263 4128 ll·
1285 4069 1333 4140 ll·
