3042 5140
786 643 849 707 176

332 827 506 916 plurimum
534 824 591 890 otii
614 843 687 888 eum
709 823 746 888 L.
771 821 923 916 Saufejo,
959 823 993 890 S.
1031 823 1219 906 Peducaeo,
1254 851 1294 894 na

338 947 522 1014 Ciceronem
542 946 669 1022 dicam,
694 945 732 1007 iis
750 943 872 1008 ridetur
883 945 1038 1011 tribuisse.
1087 948 1294 1014 Antemnis
1331 945 1338 954 “

332 1065 442 1130 studiis
470 1067 531 1130 suis
552 1064 715 1153 praedium
737 1063 895 1152 quoddam
919 1065 1124 1133 destinaverat
1147 1069 1179 1132 in
1210 1071 1294 1160 tupi-

335 1186 441 1250 rotieis
468 1186 734 1274 possessionibus,
759 1187 811 1250 eui
833 1185 909 1250 adeo
931 1188 969 1252 de
1003 1189 1169 1255 Amalthea
1200 1213 1293 1281 eapra

334 1328 448 1370 nornen
479 1305 628 1393 imposuit
649 1305 852 1386 Ἀμαλθεῖον
870 1318 900 1371 et
921 1307 1024 1373 loeum
1048 1309 1171 1375 addidit
1191 1335 1294 1400 pecu-

335 1427 463 1504 liarem,
492 1425 643 1513 gymnasii
663 1437 719 1496 aut
739 1423 862 1488 diaetae
891 1425 1010 1491 ratione
1033 1441 1177 1495 ornatum
1199 1444 1294 1518 atque

334 1552 541 1627 instructum,
567 1547 776 1629 Ἀμκλθείαν
794 1559 938 1612 uocatum
953 1550 980 1615 ¹.
1039 1548 1209 1615 Ornarerat
1238 1573 1294 1614 re-

336 1667 614 1734 risimilite1·bane
637 1666 835 1734 Amaltheam
860 1668 950 1732 variis
971 1667 1125 1736 elarornm
1156 1672 1293 1738 virorum

338 1793 543 1881 imaginibus,
568 1816 586 1856 a
607 1791 740 1881 quibuS,
765 1803 800 1854 ut
820 1791 859 1854 ab
880 1789 1045 1858 Amalthea
1072 1791 1220 1880 Jupiter,
1252 1794 1296 1856 ita

340 1912 510 2000 imperium
532 1912 710 1976 Romanum
741 1924 890 2000 tanquam
921 1911 1074 1976 nutritum
1106 1913 1144 1976 ad
1176 1925 1295 1979 tantam

337 2035 585 2124 magnitudinem
608 2032 798 2122 pervenisset
816 2039 845 2099 ².

384 2156 508 2222 Nullius
536 2156 697 2220 literarum
730 2152 966 2242 studiorumque
997 2151 1117 2242 generis
1144 2153 1295 2216 amantior

340 2275 555 2352 llttieusluit,
580 2295 675 2361 quam
695 2273 842 2340 historiae
862 2287 893 2340 et
912 2273 1118 2360 antiquitatis.
1153 2274 1296 2339 Efficitur

338 2396 398 2459 hoo
418 2407 483 2459 tum
507 2417 544 2459 er
572 2394 664 2460 editis
693 2398 760 2483 ejus
793 2396 940 2484 operibus
970 2409 1035 2460 tum
1062 2417 1080 2460 e
1114 2396 1296 2482 gravissimis

340 2516 592 2604 quaestionibus,
617 2537 691 2604 quas
713 2516 743 2579 ei
768 2516 801 2578 in
835 2515 981 2604 Epistolis
1012 2515 1147 2604 proponi
1169 2539 1185 2579 a
1206 2513 1296 2580 Ciee·

341 2659 417 2702 rone
451 2637 591 2726 salsique
633 2636 708 2701 item
743 2636 906 2700 commode
940 2636 1168 2716 invenimns³;
1215 2635 1297 2700 unde

339 2772 468 2849 apparet
481 2759 595 2840 simul,
622 2759 801 2847 permulta,
829 2782 908 2847 quae
919 2759 1066 2826 historica
1091 2760 1123 2823 in
1147 2757 1300 2848 operibus

379 2917 389 2948 ¹
428 2923 491 2973 Lib.
512 2923 537 2974 l.
555 2923 606 2988 Ep.
627 2925 669 2974 13·
690 2928 751 2991 §13
771 2924 821 2988 Ep.
840 2925 883 2976 16.
902 2927 918 2991 §
936 2926 980 2977 18.
999 2923 1117 2994 Adejus
1138 2924 1296 2990 exemplum

339 3025 431 3073 Cicero
453 3025 481 3073 in
503 3024 629 3089 Arpinati
650 3023 713 3091 (Ep.
731 3025 776 3077 16.
791 3023 812 3073 l.
830 3022 864 3092 l.)
877 3022 1052 3073 Amaltheam
1070 3021 1124 3073 sibi
1143 3021 1297 3072 coniecerat

339 3122 410 3192 (bib.
431 3121 473 3172 11.
493 3124 538 3188 lip.
560 3124 619 3188 1.§
641 3120 711 3190 11.).
730 3121 804 3170 Unde
824 3119 984 3170 Amaltheae
1000 3119 1172 3190 potissimum
1194 3135 1295 3170 nomen

339 3226 478 3292 gymnasie
498 3241 546 3276 sno
568 3224 672 3274 Atticus
693 3222 821 3286 dederit,
851 3222 949 3271 donent
978 3226 1007 3272 in
1032 3229 1126 3274 annot.
1156 3218 1297 3272 Manutius

341 3329 367 3374 et
388 3324 551 3376 Gronovius.

380 3423 390 3453 ²
431 3423 497 3478 vid.
516 3425 668 3476 Gronovius
683 3423 717 3472 ad
735 3422 795 3476 Lib.
817 3420 841 3476 l.
859 3421 909 3487 Ep.
931 3421 964 3471 16
974 3417 1018 3483 ᾗ,
1042 3413 1297 3486 nujussententiam

341 3522 452 3572 exhibet
463 3525 545 3571 etiam
558 3521 664 3572 Ernesti
676 3557 685 3585 ,
698 3521 775 3572 Clare
786 3521 842 3573 cte.
853 3537 936 3587 ,voce
948 3515 1135 3583 Ἀμαλθεῖον.
1163 3514 1297 3566 Similiter

341 3624 515 3674 Parthenonem
533 3619 562 3672 in
584 3621 651 3673 villa
670 3623 827 3674 suburbana
847 3621 958 3673 videtur
981 3619 1086 3669 Atticus
1111 3618 1237 3668 virorum
1259 3613 1299 3662 it·

343 3719 474 3773 lustrium
486 3721 652 3784 imaginibus
665 3737 796 3784 ornasse,
815 3715 969 3776 tibulli.
988 3713 1085 3767 adAer.
1104 3715 1154 3780 Ep.
1174 3713 1220 3780 40.
1240 3713 1255 3778 §
1276 3717 1300 3762 l.

381 3821 391 3854 ³
429 3825 489 3875 Lib.
507 3821 572 3876 llll.
590 3825 640 3890 ΕΡ.
658 3821 769 3889 5.§3;
799 3820 849 3886 ΕΡ.
868 3821 909 3871 20·
941 3816 1051 3886 §Mi
1084 3813 1134 3878 Ep.
1164 3809 1299 3878 22.§25

343 3924 394 3990 Ep.
413 3925 488 3993 23.§
510 3927 547 3991 23
566 3925 615 3992 Ep.
632 3922 680 3987 ll}-
698 3926 713 3991 Ρ
734 3923 768 3988 23
785 3916 939 3971 nibixttt.
959 3917 1009 3983 Ep.
1027 3917 1071 3969 30.
1091 3917 1105 3982 Ρ
1125 3913 1157 3978 33
1186 3911 1236 3976 Ep.
1254 3909 1302 3958 32.

344 4006 1301 4090 533Ep033.§3;Ep.ti.§4;lip.d.§13Ep.5.§hlaib

342 4119 666 4189 xV1.np.130.§n.
