2970 5144
1048 628 1165 694 ¹rr

202 797 371 864 Magistratus
395 810 485 860 gerere
509 787 612 852 noluit3
639 785 711 853 cujus
730 785 771 836 rei
787 802 865 838 eausa
883 783 1002 839 affertur.
1038 787 1162 841 Privatus

203 898 303 968 patriae
329 901 356 946 et
370 891 462 945 amicis
484 886 625 942 consuluit.
668 885 836 954 Dijudicatur
862 886 946 937 Attici
974 885 1067 953 agendi
1091 888 1160 940 ratio

201 996 233 1048 od
258 991 388 1046 Politicae
416 997 534 1042 veterum
561 1003 694 1038 normam.
739 983 873 1037 Romanae
901 984 1021 1037 civitatis
1043 984 1160 1038 conditio

201 1094 358 1163 exponitur,
386 1087 471 1158 qualis
499 1087 581 1139 Attici
610 1094 695 1138 aetate
715 1077 864 1138 suit.'llla
884 1101 936 1136 non
953 1083 1052 1151 injusta
1071 1087 1160 1137 Attico

200 1181 277 1245 cnus'a
304 1190 411 1245 exstitit
439 1205 525 1242 rerum
555 1184 673 1239 civilium
702 1183 897 1252 fugiendarum.
938 1183 1089 1237 Probarunt
1107 1183 1163 1251 ejus

201 1289 312 1345 consilia
345 1285 489 1357 aequales3
525 1287 709 1354 vituperarunt
737 1284 913 1346 recentiores.
959 1281 1060 1335 Horum
1089 1301 1163 1335 oom-

200 1399 290 1444 menta
317 1393 485 1441 recensentur
515 1393 541 1437 et
569 1381 738 1436 refelluntur.
786 1381 917 1434 Universa
942 1381 1027 1434 Attici
1052 1399 1110 1434 cuns
1135 1388 1162 1432 in

201 1493 368 1558 privataturn
387 1481 510 1538 incivili
529 1484 582 1534 vita
602 1480 715 1547 degenda
735 1481 830 1547 imago.
872 1472 898 1531 .1
920 1513 928 1530 .
966 1498 992 1546 p.
1013 1480 1161 1532 ltu-158.

512 1699 631 1758 CAPUT
656 1698 859 1756 SEPTIMUM.

400 1882 491 1919 ursel
508 1881 624 1928 spuma,
648 1881 779 1930 sentens,
803 1881 963 1930 ΕΟΚῙῙΜΩΙΙΕ,

453 2017 524 2065 oute:
543 2016 710 2068 SUPERSUM',
733 2015 904 2053 unsunsms.

235 2163 319 2228 Quam
347 2160 553 2230 philosophandi
581 2162 649 2212 viam
677 2161 784 2211 Atticus
811 2159 980 2228 probaverit,
1002 2162 1163 2231 disputatur.

201 2265 270 2317 Loca
298 2261 444 2316 afferuntur
471 2260 626 2319 Ciceronis,
653 2276 719 2328 quae
747 2259 778 2310 ad
802 2257 911 2329 Epicuri
929 2269 1026 2312 sectam
1045 2278 1103 2312 eum
1122 2261 1165 2312 ri·

202 2364 296 2415 dentur
324 2360 437 2413 referre.
479 2357 582 2410 Horum
610 2374 662 2408 non
694 2375 816 2424 magnum
847 2369 887 2410 est
903 2356 1015 2426 pondus.
1044 2356 1164 2411 Aliorum

202 2450 304 2532 quodue
323 2458 490 2529 disciplinam
508 2460 597 2525 magni
614 2457 691 2510 secit.
711 2457 775 2509 Fuit
793 2459 896 2510 Atticus
916 2455 1065 2510 eclectieus.
1103 2457 1163 2522 Qun

200 2563 243 2613 via
267 2579 298 2614 eo
327 2558 492 2629 pervenerit,
522 2557 675 2625 exponitur.
704 2555 815 2624 'Longe
843 2575 858 2608 a
883 2573 1005 2624 germano
1033 2555 1163 2627 Epicureo

199 2677 289 2730 reapse
315 2659 433 2711 diversus
458 2656 521 2708 fuit.
557 2655 640 2707 Attici
668 2653 757 2706 studio
777 2662 804 2706 et
822 2653 955 2709 doctrina.
992 2654 1107 2709 Familia
1125 2655 1164 2708 li-

199 2766 286 2812 terato
312 2766 339 2810 et
363 2755 436 2808 lauta
463 2752 641 2807 bibliotheca.
675 2749 818 2831 Praedium
837 2755 865 2805 in
883 2751 982 2821 Epiro,
1004 2754 1101 2805 studiis
1119 2753 1163 2805 di·

200 2866 298 2912 catum.
334 2855 471 2908 Historiae
497 2857 526 2905 in
552 2854 648 2922 prtnris
678 2859 703 2905 et
732 2853 888 2921 antiquitati
916 2869 1023 2922 operam
1049 2859 1167 2907 navavit.
1249 2895 1251 2898 .

200 2957 252 3010 Suo
274 2952 395 3023 exemplo
415 2950 536 3005 Tullium
556 2951 588 3005 ad
609 2952 715 3020 patriae
725 2947 868 3004 historiam
877 2949 1093 3005 conscribendam
1112 2955 1165 3005 sti-

201 3053 326 3106 mularit.
361 3051 527 3104 Consuetudo
553 3050 639 3102 Attici
670 3069 729 3103 curn
748 3050 833 3103 doctis
852 3069 913 3104 suae
932 3059 1028 3106 aetatis
1044 3051 1165 3105 homini·

202 3152 273 3209 bus,
302 3153 419 3203 maxime
448 3167 507 3202 cum
535 3147 665 3202 Varrone.
710 3149 862 3212 Studiorum
891 3149 946 3218 ejus
963 3169 1022 3204 eum
1038 3149 1164 3203 Cicerone

202 3252 333 3303 societas.
356 3247 567 3302 Commentarius
583 3247 668 3299 Attici
695 3249 726 3298 de
754 3250 902 3299 Consulatu
919 3251 1059 3312 Ciceronis.
1082 3251 1166 3302 Attici

202 3351 331 3400 Annalis.
369 3346 452 3412 Fuit,
472 3348 518 3414 qui
540 3344 680 3397 secundum
700 3344 769 3396 hunc
788 3345 882 3398 Festos
904 3345 1068 3416 Capitolinos
1084 3364 1165 3400 reno·

198 3457 273 3501 votos
300 3445 430 3500 crederet.
469 3444 645 3510 Genealogico
675 3444 753 3496 strici
776 3462 865 3514 opera.
900 3447 1055 3512 Imaginem
1083 3441 1162 3498 volu·

200 3565 277 3606 rnen,
306 3544 337 3598 ah
365 3546 454 3597 Attico
488 3543 597 3596 editum.
636 3543 797 3610 Epistotae‚
817 3544 849 3596 ad
871 3545 1021 3598 Ciceronem
1040 3546 1163 3614 scriptae.

199 3645 297 3697 Earum
316 3644 479 3712 fragmento,
500 3643 617 3695 breviter
634 3641 780 3695 illustrata.
807 3642 973 3697 Testimonio
992 3653 1110 3698 veterum
1130 3643 1160 3696 de

200 3746 302 3796 Annali
310 3743 448 3812 Pomponii
458 3779 466 3804 ‚
478 3741 648 3794 annotatione
662 3741 805 3795 instructa.
822 3739 959 3810 Epilogus.
970 3761 996 3813 p.
1010 3745 1159 3807 159-7213.

574 3970 787 3995 -ιέ-ἓι-ΣΞἾ*
