2970 5144
751 575 758 584 “
829 565 849 624 2

411 744 458 806 Ile
480 753 581 806 aetate
612 741 742 830 Nepotis
775 741 915 830 quamvis
941 752 1085 804 accurate
1115 739 1239 804 deliniri
1258 762 1318 806 ne-

364 875 481 949 qumt,
508 862 568 927 hoc
593 873 697 927 tamen
728 861 803 929 licet
833 863 1009 942 affirmare,
1045 863 1209 951 aequalem
1245 886 1319 927 eum

362 1000 394 1052 et
414 984 601 1050 familiarem
623 985 717 1050 fuisse
734 982 880 1050 Ciceroni
899 991 926 1062 ¹,
956 983 1098 1073 adeoque
1122 985 1232 1049 eodem
1254 1008 1320 1073 quo

361 1107 503 1172 Atticum
525 1120 668 1194 ternpore
684 1108 846 1186 lloruisse,
879 1107 954 1176 cui,
976 1109 1001 1171 si
1023 1109 1124 1195 ipsum
1147 1107 1317 1186 audimus,

360 1244 423 1294 tam
447 1230 508 1294 ruit
525 1230 644 1294 amicus
656 1279 666 1308 ‚
686 1242 722 1293 ut
750 1230 921 1319 plurimum
945 1251 982 1292 eo
1004 1240 1145 1293 uteretur
1165 1228 1317 1293 domesti-
1378 1223 1380 1228 ’

361 1352 468 1438 cisque
491 1351 556 1436 ejus
572 1350 664 1416 rebus
683 1373 774 1438 saepe
798 1351 958 1415 interesset
972 1355 1000 1414 ².
1026 1349 1157 1414 l'actum
1176 1348 1236 1414 hac
1254 1350 1318 1414 Ne·

360 1473 442 1560 potis
461 1493 533 1536 cum
553 1471 660 1538 Attico
684 1469 895 1537 familiaritate
915 1483 975 1546 est,
988 1483 1126 1558 utquam
1139 1467 1320 1534 librumille

360 1597 401 1660 de
429 1598 660 1661 excellentibus
684 1597 949 1686 Imperatoribus
960 1595 1104 1684 scripsit,
1124 1617 1195 1659 eum
1210 1593 1319 1657 Attico

359 1717 541 1783 inscriberet
553 1767 562 1795 ,
587 1716 852 1806 quemadmodum
875 1739 892 1780 c
904 1715 1124 1803 Praefariorre
1135 1714 1227 1801 hujus
1239 1737 1316 1803 ope-

357 1839 399 1902 ris
432 1850 575 1918 constat3
608 1839 725 1903 iactum
746 1838 864 1924 pariter
895 1849 957 1914 est,
980 1849 1014 1901 ut
1043 1835 1179 1923 ejusdem
1205 1848 1316 1922 rogatu

359 1961 473 2024 librum
496 1959 645 2025 conderet
668 1959 707 2022 de
730 1959 783 2026 M.
808 1959 928 2023 Porcii
943 1957 1081 2024 Catonis
1100 1961 1171 2021 vila
1192 1967 1224 2020 el
1245 1980 1315 2021 mo·

357 2083 450 2145 ribus
466 2084 494 2148 ³.
521 2080 612 2164 Quod
632 2102 705 2144 rero
725 2079 896 2143 marimum
915 2091 960 2143 cst
981 2077 1132 2166 nobisque
1154 2089 1227 2142 ante
1245 2100 1312 2141 orn·

358 2200 409 2264 nia
420 2199 644 2264 attendendum
656 2251 668 2279 ,
680 2201 804 2288 Nepos,
826 2199 1007 2288 quotidiana
1029 2199 1251 2266 consuetudine
1271 2201 1311 2265 ad

358 2321 539 2396 interiorem
573 2320 671 2386 Araiai
701 2321 781 2384 ritae
804 2320 984 2409 ingeniique
1004 2321 1214 2408 cognitionem
1237 2344 1309 2409 pro·

355 2461 494 2528 gressus,
526 2442 671 2529 singulari
706 2443 812 2508 libello
840 2443 880 2507 de
909 2442 972 2506 hoc
1000 2445 1067 2530 ipso
1102 2444 1183 2532 egit,
1215 2468 1309 2534 quem

355 2563 469 2652 partim
506 2563 575 2626 viro
613 2563 685 2642 illo,
722 2563 836 2650 partim
878 2576 1002 2628 mortuo
1038 2563 1159 2643 edidit,
1191 2567 1311 2656 quique

354 2687 449 2752 etiarn
478 2709 562 2753 nunc
595 2688 678 2751 inter
698 2699 816 2751 serrata
840 2687 969 2775 Nepotis
987 2687 1102 2775 scripta
1125 2687 1208 2752 haud
1237 2689 1310 2754 inli-

352 2827 439 2872 mum
462 2807 588 2885 locum,
611 2827 801 2896 quamquam
821 2807 853 2868 in
883 2805 1075 2871 editionibus
1105 2807 1213 2872 ordine
1234 2810 1308 2876 ulti-

352 2948 462 3006 mum,
490 2929 624 2995 obtinet.
672 2928 837 2994 Diversum
869 2942 971 2993 tamen
995 2931 1177 3018 opusculum
1201 2947 1246 3000 est
1268 2935 1309 2998 ab

385 3137 392 3169 ¹
434 3134 530 3195 Patet,
559 3150 591 3183 nc
610 3133 665 3184 alia
694 3152 866 3198 memorem,
896 3144 953 3185 tum
977 3135 1068 3186 eLib.
1104 3137 1170 3189 XVI.
1191 3139 1234 3190 ad.
1252 3137 1316 3196 Art„

348 3233 396 3298 Ep.
424 3233 451 3286 5.
480 3232 493 3301 §
515 3232 555 3299 5,
570 3244 633 3287 tum
653 3253 666 3284 e
686 3234 789 3300 sylloge
808 3236 1016 3302 Epistularum,
1033 3254 1153 3302 quarum
1172 3257 1186 3287 a
1206 3239 1306 3303 Nepote

348 3330 380 3380 ad
395 3331 549 3381 Ciceronem
570 3335 737 3400 scriptarum
755 3335 886 3387 laudatur
906 3339 985 3388 Liber
1006 3337 1227 3401 Lalractantic,
1247 3338 1307 3390 Dis.

347 3430 412 3483 Inar.
440 3430 500 3480 Lib.
523 3429 685 3496 111.c.15;
708 3434 845 3486 Ciceronis
863 3437 897 3485 ad
916 3437 1045 3503 Nepotem
1065 3439 1191 3489 meminit
1208 3439 1304 3490 Strato-

345 3531 407 3581 uius
434 3531 486 3583 Vir.
512 3533 586 3584 Caes.
612 3553 637 3585 c.
656 3535 718 3599 tt,
741 3534 856 3602 aliique.
875 3537 937 3590 vid.
956 3539 1074 3590 Fabricii
1093 3540 1166 3592 tritt.
1185 3539 1241 3590 Lar.
1260 3542 1303 3592 ed.

346 3630 408 3682 Ern.
429 3631 508 3684 Tom.
527 3635 553 3684 1.
570 3653 598 3700 p.
620 3639 685 3688 109.

381 3727 391 3760 ²
434 3730 699 3787 Vrt.Aa.e.x111.
718 3737 732 3806 §
760 3743 786 3791 7.

383 3831 393 3863 ³
434 3831 487 3881 Vir.
517 3834 572 3884 Car.
601 3855 625 3888 c.
651 3835 707 3889 111.
726 3839 739 3907 §
759 3838 787 3890 5·
804 3840 997 3904 Fragmentum
1017 3861 1048 3893 ex
1069 3841 1121 3893 hoc
1139 3860 1220 3908 opere
1238 3842 1301 3892 vide

340 3927 413 3992 apud
445 3931 587 4000 Gellium,
608 3935 644 3989 Ν.
663 3936 698 3988 A.
715 3937 776 3991 Lib.
795 3939 842 3991 ill.
859 3959 886 3992 e.
903 3941 940 4004 8,
961 3941 1013 4006 qui
1032 3943 1105 3992 illud
1124 3942 1221 3993 laudat
1240 3949 1302 3992 tan-

339 4043 423 4090 quam
444 4049 457 4078 c
477 4030 551 4084 libro
571 4037 682 4104 Nepotis
703 4041 732 4091 de
750 4041 885 4092 illustribus
904 4041 982 4095 Viris.
