3042 5140
245 807 397 898 ejusmodi
418 808 500 872 alere
531 807 682 873 familiam
704 807 841 887 solebat,
879 829 958 897 quae
982 807 1103 874 domini
1139 821 1204 874 stu·

244 929 333 995 dium
354 951 478 1018 prorsus
498 929 640 997 referret.
669 926 833 994 Continuit
846 926 898 992 illa
920 951 1023 995 servos
1047 929 1085 994 ad
1107 950 1208 992 unum

245 1073 372 1130 omues,
399 1073 437 1114 ne
468 1049 646 1139 pedisequis
676 1049 806 1138 quidem
837 1050 995 1136 exeeptis,
1032 1048 1206 1113 literatissi-

246 1192 333 1249 mos,
368 1183 547 1260 anagnostas
590 1170 724 1258 optimos
756 1168 970 1257 plurimosque
1005 1168 1206 1247 librarios¹3
1273 1227 1275 1231 .

247 1313 380 1379 quorum
401 1291 494 1369 illos,
521 1290 582 1354 alio
601 1290 686 1354 omni
710 1302 892 1354 acroamate
906 1302 1032 1377 spreto,
1057 1289 1208 1354 adhibere
1283 1335 1291 1348 .

248 1411 328 1475 inter
346 1410 485 1476 convivia
507 1433 698 1500 coenamque
715 1416 755 1489 ²,
789 1409 837 1476 his
859 1410 898 1474 ad
931 1411 1131 1500 magnificam
1160 1409 1206 1474 Ii-

247 1534 376 1597 brorum
414 1534 642 1621 supellectilem
673 1536 753 1600 rarii
786 1536 946 1601 doetrinae
990 1539 1111 1625 generis
1147 1539 1208 1604 sibi

247 1656 488 1742 comparandam
512 1657 557 1721 uti
569 1657 686 1722 solebat
701 1661 730 1724 ³.
792 1657 996 1722 Describendi
1024 1658 1147 1746 copiam
1172 1659 1203 1722 in

298 1896 308 1930 ¹
347 1903 435 1968 Nepos
454 1901 576 1975 c.·XIII.
595 1903 649 1970 43.
667 1901 706 1952 Iis
724 1918 887 1969 magnopere
907 1902 1028 1953 Atticum
1048 1901 1205 1966 studuisse,

251 2001 371 2052 eflicitur
390 2001 473 2054 etiam
493 2019 506 2051 e
524 2001 586 2056 Lib.
605 1999 656 2054 IV.
676 2002 725 2066 Ep.
743 2003 786 2054 16·
806 2003 822 2068 4
842 2001 887 2052 14.

287 2104 300 2132 ²
337 2101 422 2167 Nepos
445 2120 470 2152 c.
495 2099 564 2152 XIV.
593 2103 656 2168 41.
684 2097 734 2156 eff.
753 2103 813 2152 bib·
846 2101 913 2156 XVI.
940 2105 990 2170 Ep.
1019 2105 1046 2154 1.
1066 2106 1080 2170 4
1100 2105 1137 2170 63
1164 2105 1213 2171 Ep.

259 2203 288 2255 3.
309 2206 371 2271 41.

292 2309 304 2341 ³
344 2302 526 2353 Describeuda
556 2320 605 2368 per
633 2300 759 2353 literatos
788 2302 856 2352 illos
883 2318 974 2354 servos
1002 2309 1062 2352 tum
1091 2302 1212 2352 aliorum

253 2408 314 2452 tum
333 2403 469 2452 Ciceronis
488 2418 569 2469 opera
597 2403 729 2468 curavit,
753 2410 785 2454 ut
809 2409 884 2469 patet
908 2405 999 2453 eoib.
1021 2403 1083 2454 IIII.
1102 2405 1152 2470 Ep.
1170 2403 1214 2469 40.

249 2505 315 2569 §13
334 2501 827 2572 1414441;110.45.431.ΕῙ).47.
842 2504 856 2568 4
873 2501 888 2550 3
908 2501 979 2564 ,ubi
990 2502 1019 2550 id
1033 2501 1065 2551 de
1078 2499 1164 2553 Hirtii
1181 2503 1214 2552 de

251 2606 352 2654 Catone
365 2603 440 2654 libro
455 2605 546 2655 Cicero
559 2622 620 2656 eum
633 2605 734 2655 diserte
753 2612 829 2668 rogat
840 2622 846 2670 ς
858 2605 916 2656 Lib.
927 2602 1009 2654 XIII.
1030 2605 1081 2670 Ep.
1102 2605 1143 2655 13.
1155 2608 1190 2670 41
1205 2620 1213 2671 3
1229 2620 1231 2627 ·

247 2705 297 2770 Ep.
323 2705 367 2761 11.
393 2706 408 2770 4
435 2703 473 2768 4,
496 2706 522 2755 5.
563 2703 604 2755 stc
635 2721 745 2771 quoque
770 2705 804 2754 ab
827 2722 857 2753 eo
877 2703 988 2754 Tullius
1012 2705 1101 2770 petit,
1121 2711 1152 2753 ut
1170 2706 1215 2755 vi·

248 2805 320 2854 tium
349 2801 487 2869 quoddam
522 2807 550 2853 iu
583 2805 682 2854 Oratore
716 2820 769 2852 uon
798 2803 879 2852 modo
908 2805 936 2852 iu
968 2802 1025 2852 suis
1055 2800 1137 2851 libris
1166 2818 1214 2867 per

248 2903 382 2954 librarios
407 2902 549 2969 corrigat,
570 2904 615 2954 sed
634 2907 719 2955 etiam
737 2903 767 2952 in
787 2902 925 2963 oliorum,
945 2901 1008 2953 Lib.
1033 2900 1099 2952 XII.
1117 2902 1166 2967 Ep.
1182 2903 1214 2952 6.

249 3006 266 3070 4
288 3005 304 3055 1
325 3038 335 3067 ,
363 3004 437 3069 quod
456 3002 560 3053 sactum
584 3021 639 3054 essa
658 3003 727 3052 Itbri
747 3019 840 3052 omues
859 3011 1004 3055 testantur.
1041 2999 1115 3052 Idem
1135 3010 1167 3079 nt
1183 3003 1212 3052 iu

250 3104 413 3155 Academicis
448 3102 533 3154 faciut
561 3111 587 3152 et
614 3103 680 3151 Orat.
709 3101 841 3167 Ligariana
870 3111 946 3166 rogat
975 3101 1024 3152 ille
1061 3101 1123 3153 Lib·
1142 3099 1216 3153 XIII.

248 3204 304 3270 ltp.
334 3205 374 3255 11.
405 3206 421 3270 4
451 3206 480 3269 ’14
512 3205 561 3270 Ep·
592 3201 670 3270 444
698 3204 728 3253 3.
762 3201 860 3254 Libros
888 3211 979 3253 autem
999 3204 1159 3268 Ciceronis,
1179 3205 1214 3254 ab

248 3303 339 3353 Attico
357 3303 530 3370 descriptos,
546 3319 644 3367 magno
662 3303 751 3369 pretio
780 3301 865 3352 fuisse
886 3302 997 3354 habitos
1018 3320 1212 3370 summamque

247 3400 366 3464 gloriam
385 3377 553 3467 retinuisse,
574 3402 652 3454 docet
678 3404 778 3453 Fronto
805 3404 856 3468 Ep.
873 3392 902 3455 X‘.
921 3407 1000 3455 Tom.
1016 3403 1040 3458 I.
1057 3422 1086 3470 p.
1105 3405 1148 3456 16.
1167 3406 1212 3456 ed.

248 3502 284 3552 A.
306 3501 391 3568 Majo.
411 3503 452 3550 An
473 3518 538 3552 vero
556 3499 681 3558 Atticus,
695 3507 726 3550 ut
744 3517 825 3567 supra
838 3501 979 3566 attigimus
996 3521 1024 3569 p.
1045 3505 1112 3566 118,
1131 3502 1212 3553 libris

250 3596 439 3648 descrihendis
471 3616 529 3647 rem
558 3596 729 3648 familiarem
758 3606 867 3666 accepto
893 3599 1003 3652 foenore
1032 3617 1128 3665 augere
1154 3608 1212 3652 stu-

250 3697 345 3747 duerit
355 3733 366 3761 ‚
386 3697 511 3763 quaestio
530 3705 569 3748 est
591 3697 625 3745 ad
649 3695 812 3748 solvendum
838 3697 972 3751 difficilis.
991 3681 1147 3750 statuerunt
1161 3698 1213 3750 hoc

220 3864 224 3870 1
248 3797 398 3862 Isidorou,
421 3801 498 3849 'l'om-
525 3804 551 3852 l.
578 3816 605 3864 p·
636 3799 705 3864 1665
733 3797 892 3849 'l'uustallus
921 3817 950 3865 p.
982 3801 1034 3868 153
1052 3799 1166 3851 Abeken
1181 3818 1212 3866 p·

247 3898 286 3950 18
306 3901 333 3950 in
355 3906 418 3950 nota
437 3903 510 3950 etin
532 3898 633 3966 primis
656 3897 820 3962 Idongoltius
842 3897 876 3947 ad
901 3892 958 3951 Cic.
974 3897 1038 3949 Lib.
1056 3898 1081 3952 1.
1110 3901 1158 3966 Ep.
1181 3901 1213 3949 10

247 3997 335 4064 (Tom-
347 3997 404 4064 I.p.
415 3994 472 4070 37),
487 3998 611 4063 addens,
625 3996 762 4046 neminem
774 3996 861 4060 magis
876 4013 959 4062 quam
973 3997 1095 4049 Atticum
1108 3997 1148 4049 rei
1159 4014 1211 4047 uu-

249 4097 390 4165 doeunque
410 4097 550 4150 iacis-udae
569 4098 652 4150 fuisse
673 4099 822 4162 intentum.
842 4099 970 4151 Vendidit
991 4101 1103 4169 quidem
1125 4098 1210 4150 Athe-
