2970 5144
831 575 873 648 sa

363 771 477 851 limus,
502 764 635 856 iusignia
664 763 771 830 mutui
805 764 920 828 amoris
951 761 1091 854 fideique
1116 767 1242 854 vestigia
1257 816 1267 847 ,
1293 773 1329 832 'ut

361 888 446 960 haud
465 886 671 966 dubitemus,
695 886 773 975 quin
797 885 943 950 extremis
972 885 1035 951 illis
1062 901 1135 954 ante
1167 887 1328 956 Ciceronis

362 1011 503 1080 exsilium
526 1009 685 1078 mensibus
703 1007 830 1074 Atticus
851 1030 883 1074 se
907 1008 937 1073 ei
962 1009 1177 1097 praestiterit,
1201 1012 1325 1103 qualem

363 1157 396 1204 se
413 1145 570 1225 proestare
581 1130 721 1208 solebat,
744 1127 947 1194 consiliorum
959 1143 1144 1211 auctorem,
1168 1131 1327 1199 sollicitu-

362 1257 473 1322 dinum
504 1251 647 1330 socium,
671 1249 757 1314 oxnui
779 1249 820 1313 iu'
840 1248 1033 1338 cogitatione
1064 1253 1293 1340 conjunctum·
1315 1303 1326 1334 ,

363 1393 395 1448 et
420 1381 474 1445 sul
502 1378 547 1443 sic
579 1397 652 1442 usus
684 1373 781 1439 fuerit
812 1371 897 1462 apud
924 1372 1008 1438 eires
1039 1373 1256 1455 auctoritate,
1292 1387 1327 1439 ut

362 1499 483 1571 tristetn
506 1497 717 1567 calamitatem
739 1496 779 1561 ab
798 1495 901 1561 amico
923 1507 1064 1560 auertere
1086 1517 1207 1581 summo
1218 1497 1325 1562 studio

363 1632 539 1690 conaretur.
588 1617 709 1684 iccirco
731 1615 825 1682 etium
848 1616 1022 1705 prudenter
1053 1631 1188 1684 suaserat
1223 1617 1321 1685 (lice-

282 1815 285 1826 Δ
361 1743 453 1826 roni,
477 1756 571 1809 utne
592 1739 654 1807 sibi
686 1737 849 1806 Gaesarem
880 1738 1029 1806 infestum
1068 1741 1235 1822 redderet,
1269 1742 1323 1807 sed

365 1865 467 1959 quoad
484 1875 587 1956 posset
604 1865 671 1952 ejus
691 1861 862 1928 amicitiam
886 1873 1063 1951 quaereret.
1110 1859 1174 1927 Sed
1197 1873 1323 1927 cautum

365 1985 465 2055 Attici
493 1982 659 2052 consilium
683 1979 795 2046 (licero
819 2001 892 2045 eum
913 1980 946 2044 iu
969 1981 1098 2046 modum
1119 1983 1254 2070 rejecit,
1289 1993 1325 2046 ut

365 2106 552 2186 (luentem,
570 2102 766 2194 repudiando
789 2103 871 2168 iuter
891 2103 950 2168 alio
976 2103 1115 2170 oblatum
1145 2105 1206 2171 sibi
1223 2105 1325 2194 rigin-

364 2225 524 2292 titiratum
536 2235 567 2290 et
585 2223 796 2314 legationem,
816 2225 951 2314 graviter
973 2225 1007 2291 in
1032 2251 1065 2293 se
1084 2227 1281 2294 exacerbaret
1294 2233 1322 2296 ².

364 2351 465 2416 Iratus
498 2345 572 2412 iude
607 2343 717 2413 Caesar
743 2345 890 2412 Clodium
912 2348 1110 2415 confirmarit
1133 2364 1165 2417 et
1190 2351 1324 2440 Pompe-

358 2471 430 2558 jum
452 2489 470 2532 a
492 2463 644 2533 Cicerone
674 2465 845 2548 alienauit,
880 2467 1028 2558 idemque
1058 2471 1142 2562 apud
1168 2455 1323 2561 populum

366 2603 491 2658 testatus
512 2601 581 2670 est,
606 2588 707 2654 rideri
726 2589 787 2655 sibi
808 2609 911 2680 neque
923 2587 1166 2681 lrouesteneque
1182 2591 1325 2681 legitime

363 2710 588 2802 conjurationis
610 2709 771 2788 conscios,
805 2710 923 2778 indicti
954 2713 1069 2793 causi,
1094 2699 1187 2778 fuisse
1216 2701 1332 2778 subla·¹

363 2837 452 2900 tosi.
478 2831 555 2899 sero
577 2830 705 2895 demum
730 2831 830 2897 Attici
858 2831 988 2896 consiliu
1019 2819 1251 2923 contempsisse
1270 2831 1325 2899 cia

363 2966 509 3023 cernuam
554 2949 732 3044 poenituit,
768 2975 866 3045 quum
908 2970 943 3019 ea
989 2955 1195 3043 ingemiscens
1232 2966 1324 3042 saepe

363 3072 579 3142 recordaretur
612 3073 735 3164 sibique
778 3074 908 3140 haberet
936 3048 1226 3164 persuasissimum,
1267 3063 1350 3153 ses

364 3198 470 3266 artico
490 3196 516 3262 si
535 3194 709 3286 paruisset,
735 3195 893 3262 tristitiam
919 3195 1045 3262 illorum
1063 3209 1242 3284 temporum
1256 3215 1318 3294 olon

364 3319 457 3386 luisse
477 3317 701 3386 subiturumi.
760 3307 921 3408 Quidquid
943 3329 1011 3394 est,
1045 3336 1083 3380 eo
1116 3314 1244 3380 taudem
1278 3334 1325 3377 res

405 3557 413 3594 ¹
454 3563 504 3630 up.
526 3559 647 3630 ill&

403 3657 415 3696 ¹
456 3659 577 3716 xru.1r.
595 3660 644 3728 up.
665 3663 709 3714 rs.
729 3660 743 3730 ς
763 3661 795 3726 ³3
818 3661 868 3728 up.
890 3661 931 3711 19.
951 3657 965 3728 ς
983 3647 1019 3725 '5;
1050 3659 1108 3710 uu
1131 3657 1175 3711 rx.
1195 3658 1246 3725 up.
1267 3657 1324 3708 ans

366 3763 379 3832 §
400 3763 434 3829 l;
453 3763 483 3814 de
499 3761 573 3814 Prot·
589 3761 665 3814 coer.
688 3780 718 3815 c.
731 3759 817 3813 llll·

402 3863 414 3900 ⁸
452 3861 492 3916 De
523 3863 597 3915 Ρη».
632 3860 706 3914 coar.
741 3860 762 3914 l.
793 3860 833 3928 l.;
863 3858 1003 3913 Plutarch.
1028 3864 1072 3912 nt.
1100 3860 1157 3911 Cic.
1180 3875 1207 3910 c.
1236 3855 1319 3922 ΠΗ

365 3963 475 4016 Sunion.
503 3965 549 4016 ait.
565 3963 641 4016 Caes.
658 3981 682 4015 c.
703 3962 753 4014 Π.
771 3959 811 4015 Gi.
829 3958 968 4015 Corradus
982 3963 1101 4026 ,Ouarsa
1122 3977 1152 4026 p.
1171 3955 1221 4024 149
1231 3993 1241 4022 ,
1262 3973 1323 4023 sqq·

404 4051 415 4090 l
455 4061 487 4112 ud
503 4063 557 4117 Ate.
576 4064 625 4116 tuis
654 4059 727 4118 Vlll.
747 4064 797 4132 ΕΡ.
818 4063 862 4116 ll.
882 4063 896 4130 §
914 4061 939 4112 fis
