3042 5140
720 651 781 715 1⁶1

268 826 349 892 hanc
378 827 562 892 sententiam
595 829 736 916 profert:
786 850 807 893 <a
824 829 864 894 ht
896 851 953 917 ego
977 849 1110 893 —sum
1133 829 1222 895 mul·

268 963 335 1014 tum
356 947 502 1046 aquiriam
523 971 595 1013 cum
618 948 784 1029 Phaedro,
809 970 904 1038 quem
934 949 1027 1013 unice
1048 947 1168 1036 diligo,
1188 963 1224 1014 ut

268 1071 372 1148 scitis,
400 1069 432 1132 in
451 1067 581 1156 Epicuri
602 1066 700 1133 hortis
717 1082 783 1146 —',
809 1069 888 1147 sed,
922 1070 1033 1134 veteris
1065 1069 1224 1156 proverbii

267 1189 447 1266 admonitu,
472 1189 614 1252 virorum
632 1189 775 1256 memini.
802 1201 987 1255 nontamen
1007 1191 1138 1280 Epicuri
1149 1191 1223 1258 licet

268 1310 431 1386 oblivisci,
456 1310 482 1374 si
504 1311 651 1398 cupiam:
689 1310 777 1398 cujus
797 1307 965 1398 imaginem
985 1331 1049 1372 uon
1071 1310 1165 1374 modo
1189 1309 1223 1374 in

269 1431 380 1497 tabulis
389 1430 485 1496 nostri
497 1429 666 1496 familiares
683 1480 691 1508 ,
719 1430 773 1494 sed
796 1431 889 1494 etiam
910 1430 942 1492 in
954 1428 1075 1518 poculis
1083 1441 1115 1494 et
1125 1429 1158 1492 in
1169 1452 1224 1493 an·

268 1553 349 1616 nulis
363 1550 480 1615 habeut
491 1574 513 1614 >›
530 1553 557 1612 ¹.
586 1551 712 1616 Exstant
737 1551 874 1639 denique
894 1550 953 1616 alia
966 1551 1056 1629 loca,
1081 1553 1225 1639 equibus

268 1669 403 1746 efficias,
426 1670 568 1733 Atticum
593 1668 727 1756 Epicuri
747 1668 982 1756 scholae‚quae
1011 1668 1225 1758 compluribus

269 1792 335 1878 ojus
347 1801 446 1854 aetate
458 1788 606 1854 Ronranis
620 1788 764 1877 placebat
777 1837 786 1867 ,
812 1788 905 1853 luisse
918 1787 1089 1855 addictum.
1116 1789 1225 1871 Quid?

269 1911 354 1998 quod
377 1910 460 1974 illius
483 1907 622 1974 hortulos
650 1931 748 1986 satos,
775 1907 858 1972 illins
879 1906 1111 1996 philosophiam
1132 1931 1226 1971 ersom

271 2031 426 2120 appellare
446 2053 509 2096 non
521 2031 645 2096 dubitat
659 2035 690 2109 ²,
715 2029 897 2118 saepiusque
914 2027 1062 2117 Epicurei
1075 2042 1223 2117 tanquam

271 2149 369 2217 Attici
381 2151 588 2240 condiscipuli
608 2165 820 2218 memorantur
834 2157 861 2218 ³.

312 2391 321 2426 ¹
362 2395 392 2445 da
411 2395 470 2445 rt..
490 2395 546 2446 tib.
564 2394 601 2446 V.
620 2414 646 2448 c.
664 2395 770 2463 1.§3.

309 2496 337 2528 ²*
360 2492 390 2543 de
417 2493 489 2558 legg.
507 2493 565 2544 Lib.
584 2493 609 2544 l.
637 2509 664 2546 c.
691 2491 738 2545 21.
765 2489 853 2561 §543
881 2493 911 2542 de
929 2492 990 2544 Fi..
1007 2493 1066 2544 Lib.
1085 2490 1121 2543 V.
1141 2511 1164 2546 c.
1183 2493 1229 2546 39·

270 2591 285 2658 §
312 2591 359 2642 96.
384 2591 522 2643 Pertinent
547 2591 602 2643 huc
630 2593 720 2656 item,
745 2611 816 2659 quae
834 2591 965 2643 dicuntur
986 2592 1048 2646 bib.
1068 2593 1109 2646 11.
1127 2595 1160 2644 ad
1176 2594 1232 2646 Au.

271 2689 321 2756 Ep.
340 2691 368 2742 3.
391 2689 450 2756 §23
471 2692 529 2742 tib.
548 2690 611 2744 llll.
631 2693 680 2758 Ep.
700 2693 743 2743 12.
760 2691 774 2759 §
792 2693 819 2742 i.

309 2782 321 2816 ³
359 2786 565 2856 Vide‚praater
584 2791 644 2842 loca
656 2790 754 2854 laud„
774 2790 834 2842 Lib.
852 2789 898 2842 IV.
916 2793 970 2857 Ep.
986 2795 1014 2844 6.
1032 2792 1046 2860 §
1066 2798 1092 2844 l.
1110 2794 1152 2844 Sic
1171 2794 1230 2846 tib.

271 2886 308 2938 V.
326 2889 377 2954 Ep.
395 2893 441 2941 10.
459 2888 472 2955 ς
490 2890 524 2942 5:
555 2892 713 2940 «Xenonem
733 2897 813 2942 tuum
831 2889 876 2942 vel
899 2897 1025 2942 nostrum
1045 2892 1168 2960 potius.»
1188 2893 1229 2944 Gi.

271 2990 324 3056 Ep.
349 2992 391 3042 11.
419 2990 433 3057 Β
459 2993 477 3042 6
504 2989 629 3058 ejusdem
658 2989 737 3044 libri.
782 2989 815 3039 In
834 2990 1030 3057 condiscipulis
1047 2991 1106 3042 illis
1124 2990 1179 3044 suit
1196 2989 1229 3048 I..

273 3087 416 3157 Saufeius,
437 3095 468 3139 ut
495 3095 666 3153 compertum
685 3106 698 3136 e
716 3087 809 3138 Tullio
827 3087 960 3139 babemus
977 3089 1032 3159 (cf,
1049 3091 1230 3154 wistandiae,

270 3196 346 3246 Tom.
375 3191 400 3244 1.
427 3209 455 3258 p.
479 3189 558 3257 48i);
588 3205 670 3254 quem
688 3194 779 3237 tamen
798 3188 1048 3255 condiscipulatum
1065 3207 1119 3240 non
1139 3191 1228 3241 ausim

270 3309 334 3342 cum
358 3290 525 3357 quibusdam
551 3289 661 3355 Nepotis
679 3288 841 3338 auctoritate
859 3293 1032 3356 confirmare.
1067 3289 1157 3343 Verba
1176 3296 1231 3345 tle·

270 3391 341 3458 potis
370 3396 476 3441 exstant
500 3405 527 3438 c.
555 3383 615 3436 h'll.
642 3386 712 3453 53,
734 3387 779 3436 sed
798 3387 874 3438 varie
893 3387 1032 3451 leguntur.
1068 3392 1229 3444 Steterenus

270 3489 374 3556 aliique
399 3488 438 3539 sic
465 3486 627 3540 ediderunts
660 3485 705 3532 uh·
733 3485 836 3550 Sausejt'
849 3513 895 3552 -,
914 3490 957 3556 qui
974 3507 1076 3540 carrea
1097 3493 1227 3561 complures

271 3605 344 3638 annor
361 3587 440 3638 studio
461 3587 545 3636 duetus
562 3584 726 3653 philosophiae
743 3585 908 3649 tentatas»,
934 3586 1015 3654 rell.;
1045 3606 1140 3640 verum
1160 3608 1226 3642 con-

269 3685 376 3754 jectura
395 3692 434 3734 est
450 3683 542 3748 Bosii,
562 3699 595 3734 ne
614 3700 668 3733 uno
686 3683 799 3750 quidem
820 3687 912 3738 ecdico
929 3689 1057 3754 probata.
1095 3691 1152 3742 Alii
1170 3692 1226 3742 alia

269 3787 487 3854 substituerunt.
517 3782 703 3836 Vetustissimi
721 3782 790 3833 libri
819 3783 966 3838 exhibent:
999 3793 1068 3859 »qui
1094 3794 1224 3862 complures

271 3885 543 3950 aaron-latitabat»,
562 3880 638 3936 nullo
656 3899 745 3935 sensu.
765 3885 934 3952 Quapropter
952 3886 1102 3941 Lambinus
1120 3891 1225 3958 priscae

270 3984 336 4036 huic
348 3984 460 4037 lectioni
473 3991 534 4035 anta
552 3985 674 4036 habitabat
687 3982 803 4034 inseruit
815 3981 935 4047 Athenin
954 4004 1024 4054 quae
1034 3987 1115 4039 lectio
1125 3996 1157 4038 ut
1174 4006 1223 4055 per

270 4099 297 4134 se
316 4082 397 4138 raldo
414 4079 504 4149 placet
522 4090 548 4134 at
565 4091 668 4134 ceterae
694 4079 804 4150 Nepotis
822 4085 976 4138 narrationi
995 4088 1061 4139 bene
1079 4090 1222 4154 congruit,

1056 4177 1168 4241 ¹ll
