3042 5140
678 594 739 654 211

226 765 294 834 Cic.
318 766 417 834 Taso.
440 766 542 857 Βίῳ.
563 769 634 836 Lib.
660 771 689 838 Ι.
708 795 735 838 c.
751 776 793 860 1.
817 779 834 860 §
860 779 904 853 3,
933 799 996 865 quo
1021 776 1090 842 loco
1121 799 1184 844 non
1320 759 1322 764 Ι

222 888 316 954 niruis
339 888 511 978 urgendum
526 940 535 970 ,
568 914 683 958 annum
710 894 994 983 quingentesimum
1025 897 1184 962 decimum

221 1009 365 1074 aTuliio
407 1010 613 1077 constitutum
651 1036 735 1094 esse,
778 1028 813 1080 ut
850 1030 934 1082 recte
964 1019 1087 1084 monuit
1116 1021 1183 1106 jam

220 1128 383 1198 Kuehncr.

266 1252 323 1323 VI.
348 1257 516 1322 Antiochi
537 1262 632 1346 regis
651 1257 735 1343 filio
756 1257 864 1323 obside*
896 1259 1023 1324 domum
1045 1261 1181 1349 publice

221 1375 452 1462 aedeficatom.
503 1377 630 1464 [Ascon.
652 1377 730 1444 Ped.
753 1378 792 1440 ad
830 1377 928 1446 Orat.
962 1383 998 1442 in
1030 1380 1069 1448 L.
1103 1373 1182 1451 Pia.

221 1495 244 1561 I.
267 1496 304 1584 1.]
358 1497 497 1590 Eandem
534 1497 663 1562 domum
702 1497 766 1563 dici
794 1513 901 1586 postea
930 1498 1047 1566 Lucilii
1070 1511 1182 1590 poetae

220 1617 344 1698 fuisse,
368 1619 463 1685 tradit
480 1619 572 1684 sImul
592 1620 753 1686 Asconius.

263 1740 337 1809 VII.
363 1743 590 1808 Hannibalem
604 1752 797 1825 ,mortuum
822 1743 876 1811 M.
905 1743 1050 1811 Claudio
1074 1745 1175 1812 Mar-

217 1863 323 1943 cello,
355 1865 394 1950 Q.
408 1866 519 1930 Fabio
539 1866 687 1930 Labeone
704 1864 797 1932 Coss.
826 1865 944 1952 [Nepos
964 1864 1003 1930 V
1001 1869 1044 1931 ir.
1057 1863 1175 1932 Ilonn.

217 2005 247 2051 c.
270 1984 363 2052 XIII.
382 1992 399 2074 §
422 1985 467 2072 1.]
519 1985 637 2051 Eodem
659 1985 727 2050 Ioco
747 1983 853 2073 Nepos
866 1985 964 2049 varias
993 1983 1119 2050 exhibet
1144 2007 1181 2048 ca

217 2112 256 2176 dc
278 2131 311 2172 re
336 2109 522 2198 scriptorum
553 2109 731 2176 sententias.
757 2107 861 2172 Livius
888 2105 1047 2187 eundem,
1083 2128 1177 2194 quem

216 2233 361 2309 Atticus,
387 2253 505 2294 annum
524 2230 642 2309 tradit,
668 2231 741 2297 Lib.
754 2229 904 2296 XXXIX.
926 2249 953 2295 o.
978 2231 1017 2294 51
1038 2229 1061 2297 f.

263 2352 354 2420 VIII.
406 2351 532 2437 Qrtibrn
582 2350 783 2418 Consulibus
833 2349 1026 2416 Carneades
1067 2358 1098 2414 et
1137 2373 1177 2414 ea
1310 2342 1314 2356 '

217 2475 345 2563 legatio
392 2471 532 2537 Romam
571 2476 709 2539 uenerit
779 2469 860 2558 [cic.
905 2469 977 2540 Lib.
1017 2472 1091 2539 XII.
1131 2474 1181 2537 ad

212 2598 287 2663 Art.
320 2596 381 2684 Ep.
418 2599 474 2662 23.
507 2595 592 2682 μ]
644 2593 904 2682 Quandoquidem
937 2592 1079 2673 Tullius,
1112 2617 1174 2684 quo

215 2730 358 2806 ternpore
379 2715 456 2781 haec
478 2715 600 2804 scripsit
613 2714 652 2779 ad
673 2714 835 2792 Atticum,
857 2713 1062 2780 Academico
1078 2737 1174 2781 rnanu

214 2847 358 2917 terebat,
397 2835 566 2901 verisimile
590 2849 658 2916 est,
693 2857 766 2898 curn
799 2835 829 2898 in
863 2835 923 2900 hoc
953 2857 1046 2923 opere
1075 2837 1175 2901 Attici

212 2960 378 3025 Annalem
422 2979 484 3021 esse
529 2967 693 3034 secutum,
730 2977 827 3043 quurn
856 2955 892 3022 P.
929 2955 1098 3044 Scipione,
1128 2959 1172 3026 Μ.

213 3078 363 3146 Marcello
405 3073 510 3156 Coss,
549 3074 742 3140 Carneadem
779 3076 927 3138 Romam·
952 3077 1068 3140 venisse
1104 3088 1170 3142 sta-

211 3214 312 3266 tueret
326 3249 336 3278 ,
360 3201 416 3288 qui
441 3196 608 3263 Consulatu
632 3194 734 3260 iuncti
755 3206 826 3258 sunt
850 3191 886 3261 X.
908 3193 950 3262 U.
967 3191 1004 3261 G.
1028 3195 1092 3260 599
1115 3197 1172 3283 (AS

211 3319 246 3389 o.
273 3323 364 3390 roro
398 3318 473 3390 vu.
492 3318 566 3385 nn.
588 3318 697 3387 Anao.
721 3317 765 3384 11.
788 3340 815 3381 ο.
843 3321 886 3381 45
912 3317 982 3383 nu.
1028 3297 1035 3310 ‘
