3042 5146
712 586 774 646 tlt

246 767 393 844 curabat,
429 763 643 852 industriaque
675 761 796 852 assequi
823 785 916 849 quarn
942 761 1061 848 maguis
1079 760 1202 848 impen-

247 891 287 954 sis
320 888 470 954 familiam
509 888 656 957 malebat.
717 889 842 973 «Quod
877 903 921 955 est
951 892 1132 977 signum»,
1163 900 1197 954 ut

246 1007 559 1074 recteanimadvertit
579 1010 707 1099 Nepos,
733 1033 755 1072 r<
767 1032 830 1074 non
848 1009 946 1075 solurn
968 1009 1202 1088 continentiae,

245 1129 415 1195 sedetiam
447 1129 638 1218 diligentiae.
688 1129 768 1196 Nam
799 1141 830 1194 et
863 1150 925 1194 non
958 1129 1203 1216 intemperanter

247 1252 489 1339 concupiscere,
515 1252 639 1340 quoda
671 1251 818 1340 plurimis
851 1251 978 1330 videas,
1014 1250 1203 1318 continentis

247 1371 340 1436 debet
359 1371 454 1446 duci:
482 1383 515 1436 et
537 1373 641 1460 potius
663 1371 846 1458 diligentiis,
872 1393 967 1459 quam
996 1372 1122 1458 pretio,
1147 1393 1202 1459 pa-

246 1512 314 1554 rare
337 1511 401 1554 nou
422 1489 587 1556 mediocris
611 1501 656 1554 est
680 1489 887 1556 industriae»
906 1491 934 1555 ¹.

291 1611 432 1675 Fuerunt
461 1623 589 1688 tamen,
624 1608 702 1697 qui,
739 1621 773 1673 ut
803 1609 888 1697 turpi
916 1608 1109 1697 praejudicio
1130 1610 1201 1672 uni-

247 1755 332 1798 verse
354 1731 452 1798 Attici
471 1730 611 1796 indolem
631 1743 663 1794 et
681 1752 779 1798 mores
799 1729 1033 1817 dijudicabant,
1060 1728 1103 1792 ita
1122 1727 1203 1792 hane

246 1855 312 1940 ejus
344 1849 583 1942 temperantiam
616 1853 748 1941 pessime
779 1853 1061 1939 interpretarentur
1079 1863 1110 1915 et
1130 1874 1203 1915 ara-

246 1971 337 2036 ritiae
359 1971 484 2037 nornine
505 1986 674 2052 vocarent,
699 1972 751 2036 eui
774 1971 902 2060 quidem
931 1971 1007 2036 vitio
1029 1991 1102 2036 eum
1125 1970 1202 2034 adeo

248 2090 407 2157 indulsisse
419 2104 574 2172 statuunt,
588 2105 674 2158 utne
693 2089 937 2158 illiberalissimis
949 2091 1078 2181 quidem
1108 2115 1204 2182 quae-

246 2205 344 2272 stibus
371 2208 570 2296 pepercerit,
605 2209 698 2272 modo
728 2231 870 2296 magnam
892 2207 952 2272 sibi
973 2207 1126 2296 pecuniae
1148 2230 1202 2272 eo·

245 2329 332 2414 pium
344 2331 555 2416 conquireret.
581 2327 611 2393 N
613 2328 789 2414 egotiatoris
802 2328 898 2416 igitur
911 2340 1032 2416 partes,
1046 2351 1082 2394 ex
1094 2351 1203 2396 eorum

246 2445 399 2510 sententia
411 2495 420 2524 ,
434 2447 557 2512 Atticus
569 2448 736 2527 sustinuit,
761 2449 825 2513 imo
839 2449 1037 2530 toculliouis,
1062 2464 1093 2516 et
1103 2475 1202 2541 pecu·

183 2653 184 2658 γ
244 2565 296 2630 nii
310 2577 419 2632 mutuo
431 2567 531 2633 dandal
549 2591 615 2635 rem
636 2568 830 2636 familiarem'
841 2571 967 2640 sordide
987 2575 1071 2638 auxit
1086 2579 1114 2641 ².
1141 2575 1202 2644 Li-

282 2743 292 2778 ¹
331 2748 556 2814 Nepoac.lllll.
574 2753 588 2822 §
608 2753 635 2820 4.

281 2837 292 2872 ²
334 2844 420 2916 Hujus
430 2851 641 2915 relargumeuta
654 2853 707 2906 visi
718 2855 773 2904 sibi
782 2863 846 2906 sunt
863 2857 985 2924 reperire
1003 2856 1095 2908 Abbas
1112 2856 1145 2908 de
1164 2861 1204 2911 St.

242 2937 307 2996 neat
335 2945 366 2996 in
390 2949 453 2998 tib.
470 2950 496 3002 1.
513 2952 563 3018 Ep.
582 2955 630 3019 183
649 2953 710 3006 Lib.
728 2953 767 3006 ΙΙ.
788 2955 839 3020 Ep·
857 2960 882 3013 l.
899 2956 983 3025 (Opp.
1001 2958 1080 3008 Tom.
1098 2956 1155 3008 lll.
1173 2975 1201 3023 p.

242 3041 315 3109 549,
344 3061 373 3110 p·
401 3044 464 3116 586)
488 3055 514 3098 et
532 3049 717 3116 Mongubtus,
736 3056 786 3120 qui
808 3063 918 3120 practer
937 3055 997 3107 loca
1016 3055 1094 3108 laud.
1113 3073 1205 3122 respe-

242 3143 284 3190 xit
302 3141 386 3192 etiam
404 3144 461 3204 Lib,
482 3146 507 3198 1.
525 3148 577 3214 Ep.
594 3151 647 3219 195
666 3149 728 3203 Lib.
745 3151 800 3206 lv.
818 3153 868 3218 ttp.
888 3153 920 3206 15
938 3155 1027 3223 (Tem.
1046 3155 1070 3206 l.
1088 3157 1224 3222 p.t‘.>9,'

242 3259 271 3308 p·
292 3241 360 3309 255,
384 3262 414 3310 p.
434 3244 483 3298 305
508 3254 536 3296 et
552 3250 631 3300 Tum·
659 3247 701 3302 ll·
725 3267 755 3318 p.
780 3248 853 3320 299).
891 3250 1028 3318 Equidem
1046 3271 1100 3304 non
1117 3272 1202 3320 nego,

242 3341 363 3395 inveniri
381 3345 517 3410 quaedam
536 3347 610 3412 epod
629 3344 810 3412 Ciceronem,
830 3368 844 3400 e
863 3351 972 3418 quibus
988 3352 1107 3420 cilicias,
1129 3355 1207 3406 Atti·

243 3459 305 3492 cum
324 3451 382 3494 tam
400 3445 690 3510 privatishominibus
707 3465 792 3516 quam
811 3450 976 3502 civitatibus
987 3453 1204 3518 pecuniamorc·

244 3541 361 3614 didisae3
388 3546 434 3596 sed
453 3546 548 3598 nullus
566 3547 643 3600 locus
661 3557 717 3614 ost,
738 3553 788 3618 qui
806 3551 1030 3620 foeneratorem,
1047 3554 1111 3606 veri
1130 3558 1204 3609 vocis

244 3641 462 3710 siguificatioua,
480 3648 594 3714 probat.
628 3651 718 3716 Loca,
738 3668 809 3718 quae
828 3651 873 3703 illi
884 3652 1003 3706 laudant
1013 3690 1025 3720 ,
1045 3662 1076 3706 ut
1093 3674 1203 3709 sexcen-

243 3747 269 3790 ta
299 3741 373 3809 aliu,
403 3745 542 3814 jocantem
569 3749 692 3814 produnt
709 3750 883 3816 Ciceronem,
904 3751 955 3822 qui
972 3755 1009 3804 ob
1027 3773 1085 3806 rem
1102 3775 1204 3808 numa*

242 3839 313 3890 rium
333 3844 472 3898 absentem
489 3848 609 3900 amicum
622 3848 707 3900 facete
720 3851 899 3920 perstringit5
918 3863 1108 3923 quapropter,
1129 3860 1203 3925 quod

242 3943 311 3994 dicit
328 3965 355 3997 se
372 3947 482 3998 Atticum
501 3969 547 4000 nou
566 3954 591 4000 in
608 3953 780 4027 tocullionibus
798 3953 931 4021 doluisse,
950 3975 980 4006 eo
999 3956 1058 4022 ipso
1077 3959 1141 4010 satis
1159 3978 1203 4010 os·

242 4047 332 4098 tondit
340 4083 352 4114 ,
371 4065 398 4100 se
416 4049 495 4116 louge
520 4053 601 4106 alitor
621 4055 654 4107 do
674 4056 761 4108 amico
781 4057 891 4110 sentire.
930 4057 980 4110 Sed
998 4057 1064 4124 fac,
1081 4059 1202 4110 Atticum
