3042 5146
710 618 770 682 121

266 796 308 862 dc
337 795 377 863 de
407 794 637 874 liberalitate,
682 817 762 885 qnae
794 795 893 861 latici
926 797 1053 886 ingenio
1083 797 1217 862 maxime

265 915 393 1008 propria
409 914 481 987 fait.

313 1034 558 1113 «Pecuniae»,
582 1035 737 1124 praecipit
756 1034 892 1116 Cicero,
917 1036 1099 1126 «fugienda
1122 1035 1217 1126 cupi·-

265 1155 365 1222 ditas:
392 1154 473 1219 nihil
507 1155 591 1220 enim
624 1167 670 1222 est
698 1169 761 1221 tam
790 1158 919 1246 angusti.
939 1157 1055 1236 animi,
1091 1169 1219 1244 tamque

264 1275 377 1368 parri,
403 1297 498 1364 quarn
515 1297 623 1341 amare
644 1275 788 1345 diritius:
815 1277 897 1342 nihil
917 1275 1077 1343 honestius
1097 1279 1218 1366 magni.

267 1398 496 1488 licentiusque,
531 1418 624 1488 quam
653 1401 820 1489 pecuniam
848 1411 1068 1480 contemnere,
1099 1397 1124 1462 si
1155 1418 1219 1467 nou

267 1517 403 1590 habeas:
418 1522 444 1585 si
455 1521 590 1601 babeas,
615 1521 654 1587 ad
670 1523 923 1588 beneficientiam
934 1520 1219 1608 liberalitatemque

264 1643 439 1708 conferre»
455 1647 483 1710 ¹.
540 1644 650 1733 Neque
680 1617 783 1708 tamen
810 1666 845 1707 er
890 1643 1030 1730 ejusdem
1065 1641 1220 1706 sententia

264 1765 363 1830 omnis
392 1777 438 1831 est
467 1765 627 1858 probanda
660 1763 850 1842 liberalitas,
885 1763 941 1828 sed
975 1763 1011 1828 eal
1044 1762 1218 1842 utendum,

264 1907 345 1973 quae
366 1888 465 1974 prosit
486 1887 613 1964 amicis,
635 1897 746 1950 noceat
757 1883 878 1950 nemini
894 1888 922 1950 2.
945 1881 1107 1970 Ejusmodi
1119 1880 1219 1947 satiei

264 2027 390 2095 quoque
410 2007 579 2073 liberalitas
590 2008 670 2086 fuit,
691 2029 807 2097 quam,
832 2005 919 2070 nullo
933 2005 998 2076 fere
1009 2018 1149 2095 tempore
1166 2026 1218 2068 er-

265 2137 357 2213 ceptc
369 2147 408 2206 ,a
422 2128 589 2214 juventute
599 2128 672 2192 iude
681 2139 837 2218 praestare
855 2139 924 2217 turn
935 2127 1161 2193 amicissolitus
1172 2139 1218 2190 est

264 2262 331 2318 tum
354 2248 497 2340 plurimis
510 2247 577 2314 aliis
588 2249 790 2328 bominibus,
815 2249 929 2338 quibus
942 2250 1084 2339 iniquam
1104 2269 1136 2313 se
1155 2249 1220 2312 for·

261 2382 338 2434 tuna
357 2370 560 2459 praebuisset.
589 2367 741 2434 Omnium
765 2370 904 2458 primum
926 2391 996 2433 eam
1014 2372 1163 2434 uirtutem
1185 2368 1219 2434 in

262 2488 370 2557 Attica
381 2489 665 2578 deprehendimus,
692 2510 792 2579 quum
809 2489 1039 2555 adolescentem
1056 2488 1192 2556 Marium
1208 2535 1217 2567 ,

261 2629 350 2674 suum
379 2632 395 2672 a
429 2608 544 2674 teneris
579 2608 652 2673 inde
687 2607 963 2698 condiscipulum,
997 2622 1066 2673 tum
1098 2609 1219 2696 patriae

262 2727 382 2800 hostem
395 2730 598 2818 judicatum,
623 2729 737 2802 afflicti
757 2732 881 2798 fortunia
903 2729 1013 2817 opibus
1036 2729 1097 2798 suis
1121 2729 1217 2816 juvit.

184 2870 188 2876 ·
265 2849 388 2939 lnteqra
429 2873 554 2941 prorsus
584 2875 620 2920 ea
651 2851 869 2920 munificentia
901 2849 980 2931 fuit,
1015 2849 1135 2938 quippe
1173 2848 1220 2920 illi

262 2971 405 3049 tributa,
439 2993 544 3060 aquo
567 2973 666 3060 plane
704 2971 784 3038 nibil
815 2995 939 3062 sperare
968 2984 1091 3061 poterat
1118 2993 1221 3061 neque

262 3090 357 3156 etiarn
378 3091 466 3172 lore,
492 3105 526 3156 ut
553 3094 726 3182 quidquam
747 3094 866 3184 gloriae
897 3095 957 3160 sibi
987 3095 1060 3159 inde
1089 3092 1218 3158 coucili-

264 3199 330 3278 aret
347 3217 375 3283 ³.
423 3187 644 3280 Satisfecicbat
675 3215 707 3279 iu
746 3238 784 3280 ec
818 3213 952 3278 naturali
984 3235 1055 3277 suae
1086 3211 1221 3280 bonitati

264 3345 295 3401 et
316 3332 535 3404 benefaciendi
566 3332 679 3402 studio.
728 3333 796 3418 Quo
817 3345 920 3402 autem
952 3345 1092 3426 tempore
1124 3331 1218 3400 vitam

301 3545 311 3576 ¹
354 3547 493 3602 Cicerude
515 3549 639 3618 OffiLib.
657 3548 682 3598 1.
694 3567 723 3607 c.
738 3551 784 3604 20.
805 3551 818 3618 §
841 3554 867 3610 7,

299 3642 309 3680 ²
349 3651 372 3704 l.
392 3649 414 3704 l.
431 3669 457 3704 c.
479 3649 553 3721 ld·§
577 3651 604 3704 5.

298 3742 309 3775 ³
348 3754 523 3806 Contrarium
547 3752 661 3820 quidem
678 3751 806 3818 placuit,
825 3767 900 3802 more
921 3748 1003 3801 solito
1014 3786 1025 3815 ,
1044 3766 1100 3816 quo
1123 3747 1214 3806 omnia

260 3850 343 3902 aride
362 3852 392 3902 in
409 3850 490 3924 pejus
511 3853 634 3922 arripit,
654 3852 755 3903 Abbati
774 3853 808 3904 de
825 3854 864 3905 St.
879 3851 945 3902 lleal
956 3887 966 3916 ,
992 3851 1079 3904 Cesar.
1098 3869 1126 3918 p·
1147 3849 1215 3916 3343

261 3953 307 4004 sed
324 3953 358 4008 de
377 3956 486 4022 tripode
515 3957 660 4012 decernere
680 3973 764 4026 quam
797 3955 871 4008 dicta
899 3955 1017 4030 probare
1044 3953 1155 4008 omuino
1175 3956 1215 4008 est

259 4048 379 4110 lucilius.
