3042 5146
822 580 885 640 130

363 763 446 830 inter
468 762 603 827 aemulos
637 758 851 848 gravissimos,
886 755 1088 821 Hortensium
1130 769 1225 846 etque
1266 757 1317 824 Gi·

363 881 743 970 oeronem,interjeotus,
764 881 849 944 tanti
870 878 1035 967 prudentia
1059 901 1169 967 pacem
1190 892 1221 944 et
1245 903 1319 946 oon·

363 1008 502 1072 cordiam
523 1027 643 1072 serrare
661 1003 744 1068 nisus
764 1015 832 1081 est,
858 1014 891 1067 ut
913 999 1063 1068 invidiosa
1084 1000 1137 1066 illa
1156 1003 1319 1094 utriusque

363 1129 531 1195 aemulatio
566 1129 628 1191 suis
663 1126 729 1190 fere
760 1147 791 1189 se
822 1125 936 1191 finibus
969 1125 1160 1191 continuerit
1191 1149 1248 1192 nec
1280 1127 1317 1192 ad

360 1249 567 1339 rumpendam
610 1245 854 1312 familiaritatem
892 1245 1037 1316 valuerit.
1099 1247 1202 1332 Quum
1233 1249 1317 1313 enirn

363 1361 485 1438 Atticus
503 1369 586 1460 apud
618 1383 787 1460 utrumque
813 1382 933 1435 tantum
953 1367 1086 1458 polleret
1111 1384 1143 1437 et
1166 1371 1263 1459 gratid
1286 1386 1317 1437 et

362 1493 521 1573 amicitiri,
545 1504 581 1557 ut
601 1491 733 1581 intelligi
750 1515 813 1557 non
836 1504 960 1580 posset,
986 1505 1056 1558 uter
1078 1516 1149 1558 eum
1178 1492 1248 1583 plus
1265 1494 1318 1558 di·

366 1613 496 1701 ligeret,
522 1612 574 1678 ille
597 1611 653 1694 id,
678 1613 763 1703 quod
783 1626 848 1678 erat
866 1611 1113 1696 difficillimum,
1136 1615 1263 1695 effecit,
1284 1630 1318 1681 ut

362 1734 445 1798 inter
454 1755 530 1823 quos
541 1744 627 1798 tanta
641 1734 650 1771 ¹
669 1731 769 1797 laudis
781 1745 857 1798 essct
870 1732 1037 1797 aemulatio
1051 1783 1061 1811 ,
1087 1729 1171 1798 nulla
1184 1735 1317 1800 interce·

364 1855 454 1922 deret
476 1853 685 1936 obtrectatio,
710 1867 849 1944 essetque
869 1849 979 1919 tilium
1002 1855 1140 1920 virorum
1162 1857 1273 1945 copula
1287 1861 1315 1924 ².

362 1978 503 2044 Tandem
515 2027 525 2058 ,
536 2001 598 2067 quo
609 1977 704 2042 fuerit
716 1978 800 2066 pacis
816 1999 920 2042 amore
933 2025 943 2057 ,
972 1975 1210 2044 inimicitiarum
1222 1977 1293 2044 odio
1306 2029 1314 2058 ,

361 2102 437 2169 hine
459 2101 592 2166 maxime
620 2100 745 2190 colligas
764 2100 862 2180 licet,
888 2099 973 2191 quod
996 2102 1155 2167 neminem
1178 2123 1313 2193 unquam

358 2224 407 2289 rel
427 2246 482 2290 suo
503 2222 630 2288 nominc
649 2222 697 2287 rel
716 2222 913 2289 subscribens
936 2223 1115 2305 accusavit3
1143 2223 1176 2288 in
1200 2227 1253 2312 jus
1276 2223 1314 2290 de

358 2365 412 2408 sue
440 2363 473 2406 re
494 2362 655 2430 nunquam
686 2341 755 2410 ivit.
813 2343 976 2431 Ejusmodi
1001 2341 1082 2434 quid
1103 2346 1200 2434 magis
1219 2345 1314 2412 etiam

360 2468 508 2533 demirari
539 2467 635 2546 lieet,
675 2467 699 2531 si
730 2466 895 2533 invidiosos
933 2468 1049 2556 cogitas
1089 2481 1120 2534 et
1148 2468 1314 2536 irritabiles

358 2594 425 2680 ejus
440 2591 549 2657 aetatis
575 2588 740 2654 bominum
764 2587 913 2669 animos,
937 2588 993 2678 qui
1016 2601 1125 2668 certe,
1149 2587 1174 2653 si
1197 2611 1259 2680 qua
1282 2589 1314 2655 in

356 2735 391 2777 re
413 2735 444 2777 se
461 2685 509 2777 ab*
524 2711 631 2777 Attico
662 2708 757 2776 laesos
791 2707 935 2774 arbitrati
969 2708 1122 2789 fuissent,
1164 2709 1195 2785 ei
1225 2709 1313 2776 litem

357 2834 519 2901 intendere
545 2854 697 2922 reumque
716 2832 820 2898 lacere
842 2830 926 2896 baud
948 2831 1153 2921 neglexissent
1169 2836 1200 2901 ³.

401 2954 482 3021 Sunt
502 2951 562 3018 hae
584 2952 809 3032 humanitatis,
833 2931 1026 3031 modestiae,
1053 2950 1197 3042 pietatis,
1220 2965 1313 3034 sunt,

356 3089 390 3142 ut
413 3075 517 3141 omnia
536 3074 630 3140 simul
642 3074 909 3162 complectamur,
932 3073 1056 3139 virtutis
1075 3072 1160 3139 haud
1175 3075 1314 3163 vulgares

395 3258 405 3290 ¹
444 3262 583 3310 Praestare
601 3255 672 3308 mihi
691 3255 757 3308 haec
775 3255 857 3308 lectio
871 3245 987 3309 ¹videtur
1007 3255 1118 3320 vulgari
1136 3269 1227 3310 tantae·

393 3352 405 3384 ²
444 3361 531 3425 Nepos
549 3355 616 3408 ev.
637 3355 690 3423 Μ.
706 3354 748 3408 Cf.
767 3354 957 3422 Bayliusvece
977 3358 1092 3407 Ararene
1109 3362 1166 3409 not.
1185 3353 1226 3406 11.
1244 3356 1312 3408 llaec

356 3468 447 3512 autem
472 3458 580 3524 Nepotis
608 3456 723 3507 traditio
751 3457 930 3505 confirmatur
958 3453 1097 3506 luculente
1126 3456 1186 3508 tib.
1209 3453 1264 3509 lv.
1281 3457 1314 3505 al

354 3560 408 3611 Art.
425 3559 475 3624 Ep.
501 3560 528 3610 6.
547 3557 561 3624 §
583 3557 618 3620 3,
649 3573 704 3622 quo
731 3553 791 3605 loco
819 3555 968 3619 docemur,
988 3555 1111 3606 Atticum
1135 3555 1310 3608 exhortatum

355 3625 507 3713 Ciceronem
528 3659 635 3722 luisse,
655 3666 687 3709 ut
704 3659 866 3709 Hortensiana
883 3655 1025 3708 scribendo
1037 3656 1160 3708 studeret
1170 3654 1310 3708 aemulum

353 3761 484 3828 placare,
511 3777 595 3828 quom
623 3757 714 3810 exsilii
743 3765 864 3826 tempore
886 3757 1010 3825 iniquius
1028 3755 1172 3810 habuerat.
1193 3755 1234 3808 Οἱ.
1252 3756 1316 3810 tib.
1374 3809 1377 3816 ,

353 3858 411 3914 ιιι.
431 3863 480 3926 ap.
499 3859 542 3913 ιε.
561 3859 574 3928 5
592 3862 620 3914 r.

393 3963 403 3997 ³
442 3977 467 4012 c.
496 3956 550 4011 Vt.
577 3959 590 4026 §
620 3959 655 4021 3,
674 3959 707 4008 ad
726 3975 809 4024 quom
827 3958 918 4009 locum
936 3958 1098 4011 conferenda
1118 3961 1229 4010 omnino
1247 3966 1310 4010 sunt

351 4080 422 4128 quae
440 4059 523 4112 habet
540 4057 621 4113 Doct.
637 4059 670 4110 de
688 4060 814 4124 Fremery
832 4075 860 4123 p.
880 4057 911 4125 41
930 4075 991 4125 eqq.
