<?xml version="1.0" encoding="UTF-8"?>
<!DOCTYPE html PUBLIC "-//W3C//DTD XHTML 1.0 Transitional//EN"
    "http://www.w3.org/TR/xhtml1/DTD/xhtml1-transitional.dtd">
<html xmlns="http://www.w3.org/1999/xhtml" xml:lang="en" lang="en">
 <head>
  <title>
</title>
<meta http-equiv="Content-Type" content="text/html;charset=utf-8" />
  <meta name='ocr-system' content='tesseract 3.04.00' />
  <meta name='ocr-capabilities' content='ocr_page ocr_carea ocr_par ocr_line ocrx_word'/>
</head>
<body>
  <div class='ocr_page' id='page_1' title='image "./diatribeintpomp00hullgoog_0102.png"; bbox 0 0 3042 5146; ppageno 0'>
   <div class='ocr_carea' id='block_1_1' title="bbox 694 675 731 735">
    <p class='ocr_par' dir='ltr' id='par_1_1' title="bbox 694 675 731 735">
     <span class='ocr_line' id='line_1_1' title="bbox 694 675 731 735; baseline 0 0"><span class='ocrx_word' id='word_1_1' title='bbox 694 675 731 735; x_wconf 83' lang='lat'>81</span> 
     </span>
    </p>
   </div>
   <div class='ocr_carea' id='block_1_2' title="bbox 222 851 1182 1059">
    <p class='ocr_par' dir='ltr' id='par_1_2' title="bbox 222 851 1182 1059">
     <span class='ocr_line' id='line_1_2' title="bbox 272 851 1182 942; baseline -0.002 -24"><span class='ocrx_word' id='word_1_2' title='bbox 272 855 357 918; x_wconf 90' lang='lat' dir='ltr'>llaec</span> <span class='ocrx_word' id='word_1_3' title='bbox 381 853 462 918; x_wconf 88' lang='lat' dir='ltr'>inter</span> <span class='ocrx_word' id='word_1_4' title='bbox 488 853 665 942; x_wconf 77' lang='lat' dir='ltr'>gravissima</span> <span class='ocrx_word' id='word_1_5' title='bbox 692 853 809 918; x_wconf 90' lang='lat' dir='ltr'>aeeidit</span> <span class='ocrx_word' id='word_1_6' title='bbox 836 851 981 917; x_wconf 82' lang='lat' dir='ltr'>Ciceroni</span> <span class='ocrx_word' id='word_1_7' title='bbox 1013 851 1182 916; x_wconf 84' lang='lat' dir='ltr'>calamitas.</span> 
     </span>
     <span class='ocr_line' id='line_1_3' title="bbox 222 967 1181 1059; baseline 0.001 -27"><span class='ocrx_word' id='word_1_8' title='bbox 222 967 407 1033; x_wconf 83' lang='lat' dir='ltr'>Suarissima</span> <span class='ocrx_word' id='word_1_9' title='bbox 427 970 495 1055; x_wconf 89' lang='lat' dir='ltr'>ejus</span> <span class='ocrx_word' id='word_1_10' title='bbox 508 967 611 1033; x_wconf 89' lang='lat' dir='ltr'>Tullia</span> <span class='ocrx_word' id='word_1_11' title='bbox 628 1019 636 1046; x_wconf 89' lang='lat'>,</span> <span class='ocrx_word' id='word_1_12' title='bbox 655 969 740 1055; x_wconf 91' lang='lat' dir='ltr'>patri</span> <span class='ocrx_word' id='word_1_13' title='bbox 752 967 815 1032; x_wconf 79' lang='lat' dir='ltr'>vital</span> <span class='ocrx_word' id='word_1_14' title='bbox 831 967 927 1032; x_wconf 88' lang='lat' dir='ltr'>etiam</span> <span class='ocrx_word' id='word_1_15' title='bbox 939 969 1040 1034; x_wconf 88' lang='lat' dir='ltr'>carior</span> <span class='ocrx_word' id='word_1_16' title='bbox 1053 1019 1062 1048; x_wconf 92' lang='lat'>‚</span> <span class='ocrx_word' id='word_1_17' title='bbox 1074 992 1181 1059; x_wconf 89' lang='lat' dir='ltr'>supre-</span> 
     </span>
    </p>
   </div>
   <div class='ocr_carea' id='block_1_3' title="bbox 222 1089 1184 1298">
    <p class='ocr_par' dir='ltr' id='par_1_3' title="bbox 222 1089 1184 1298">
     <span class='ocr_line' id='line_1_4' title="bbox 222 1089 1181 1179; baseline -0.002 -24"><span class='ocrx_word' id='word_1_18' title='bbox 222 1113 311 1156; x_wconf 93' lang='lat' dir='ltr'>mum</span> <span class='ocrx_word' id='word_1_19' title='bbox 332 1091 416 1156; x_wconf 91' lang='lat' dir='ltr'>diem</span> <span class='ocrx_word' id='word_1_20' title='bbox 435 1091 525 1159; x_wconf 87' lang='lat' dir='ltr'>obiit.</span> <span class='ocrx_word' id='word_1_21' title='bbox 575 1091 671 1156; x_wconf 87' lang='lat' dir='ltr'>Illum</span> <span class='ocrx_word' id='word_1_22' title='bbox 694 1103 797 1155; x_wconf 87' lang='lat' dir='ltr'>tantus</span> <span class='ocrx_word' id='word_1_23' title='bbox 821 1089 907 1179; x_wconf 88' lang='lat' dir='ltr'>oepit</span> <span class='ocrx_word' id='word_1_24' title='bbox 928 1089 1026 1154; x_wconf 89' lang='lat' dir='ltr'>animi</span> <span class='ocrx_word' id='word_1_25' title='bbox 1038 1112 1181 1167; x_wconf 88' lang='lat' dir='ltr'>moeror,</span> 
     </span>
     <span class='ocr_line' id='line_1_5' title="bbox 222 1209 1184 1298; baseline -0.002 -22"><span class='ocrx_word' id='word_1_26' title='bbox 222 1226 256 1277; x_wconf 93' lang='lat' dir='ltr'>ut</span> <span class='ocrx_word' id='word_1_27' title='bbox 276 1213 396 1277; x_wconf 75' lang='lat' dir='ltr'>summai</span> <span class='ocrx_word' id='word_1_28' title='bbox 407 1211 562 1277; x_wconf 88' lang='lat' dir='ltr'>laboraret</span> <span class='ocrx_word' id='word_1_29' title='bbox 585 1211 783 1276; x_wconf 85' lang='lat' dir='ltr'>consiliorum</span> <span class='ocrx_word' id='word_1_30' title='bbox 806 1212 912 1298; x_wconf 74' lang='lat' dir='ltr'>inopii</span> <span class='ocrx_word' id='word_1_31' title='bbox 935 1223 966 1276; x_wconf 89' lang='lat' dir='ltr'>et</span> <span class='ocrx_word' id='word_1_32' title='bbox 990 1209 1184 1276; x_wconf 80' lang='lat' dir='ltr'>relutdesei-</span> 
     </span>
    </p>
   </div>
   <div class='ocr_carea' id='block_1_4' title="bbox 221 1333 1179 1424">
    <p class='ocr_par' dir='ltr' id='par_1_4' title="bbox 221 1333 1179 1424">
     <span class='ocr_line' id='line_1_6' title="bbox 221 1333 1179 1424; baseline 0.005 -29"><span class='ocrx_word' id='word_1_33' title='bbox 221 1333 325 1398; x_wconf 86' lang='lat' dir='ltr'>vissea</span> <span class='ocrx_word' id='word_1_34' title='bbox 347 1333 477 1420; x_wconf 90' lang='lat' dir='ltr'>pristina</span> <span class='ocrx_word' id='word_1_35' title='bbox 495 1348 605 1399; x_wconf 83' lang='lat' dir='ltr'>natura</span> <span class='ocrx_word' id='word_1_36' title='bbox 629 1334 797 1402; x_wconf 86' lang='lat' dir='ltr'>rideretur.</span> <span class='ocrx_word' id='word_1_37' title='bbox 822 1335 895 1399; x_wconf 78' lang='lat' dir='ltr'>Fuit</span> <span class='ocrx_word' id='word_1_38' title='bbox 916 1335 1011 1424; x_wconf 80' lang='lat' dir='ltr'>igitur</span> <span class='ocrx_word' id='word_1_39' title='bbox 1033 1336 1179 1414; x_wconf 80' lang='lat' dir='ltr'>Atticus,</span> 
     </span>
    </p>
   </div>
   <div class='ocr_carea' id='block_1_5' title="bbox 215 1453 1179 2633">
    <p class='ocr_par' dir='ltr' id='par_1_5' title="bbox 215 1453 1179 2633">
     <span class='ocr_line' id='line_1_7' title="bbox 220 1453 1179 1542; baseline 0.005 -27"><span class='ocrx_word' id='word_1_40' title='bbox 220 1475 313 1540; x_wconf 89' lang='lat' dir='ltr'>quem</span> <span class='ocrx_word' id='word_1_41' title='bbox 335 1466 402 1518; x_wconf 92' lang='lat' dir='ltr'>tum</span> <span class='ocrx_word' id='word_1_42' title='bbox 431 1475 556 1542; x_wconf 88' lang='lat' dir='ltr'>quoque</span> <span class='ocrx_word' id='word_1_43' title='bbox 577 1475 640 1518; x_wconf 93' lang='lat' dir='ltr'>non</span> <span class='ocrx_word' id='word_1_44' title='bbox 664 1475 770 1518; x_wconf 89' lang='lat' dir='ltr'>reram</span> <span class='ocrx_word' id='word_1_45' title='bbox 802 1453 902 1520; x_wconf 89' lang='lat' dir='ltr'>solnm</span> <span class='ocrx_word' id='word_1_46' title='bbox 937 1456 1179 1522; x_wconf 84' lang='lat' dir='ltr'>domesticarum</span> 
     </span>
     <span class='ocr_line' id='line_1_8' title="bbox 219 1572 1178 1661; baseline 0.006 -25"><span class='ocrx_word' id='word_1_47' title='bbox 219 1572 488 1661; x_wconf 76' lang='lat' dir='ltr'>diligentissimum</span> <span class='ocrx_word' id='word_1_48' title='bbox 511 1588 770 1661; x_wconf 84' lang='lat' dir='ltr'>procuratorem,</span> <span class='ocrx_word' id='word_1_49' title='bbox 790 1595 897 1642; x_wconf 83' lang='lat' dir='ltr'>rerum</span> <span class='ocrx_word' id='word_1_50' title='bbox 925 1578 1069 1643; x_wconf 73' lang='lat' dir='ltr'>tristitiae</span> <span class='ocrx_word' id='word_1_51' title='bbox 1084 1578 1178 1644; x_wconf 90' lang='lat' dir='ltr'>etiam</span> 
     </span>
     <span class='ocr_line' id='line_1_9' title="bbox 221 1693 1178 1764; baseline 0.004 -5"><span class='ocrx_word' id='word_1_52' title='bbox 221 1693 444 1761; x_wconf 81' lang='lat' dir='ltr'><strong>consolatorem</strong></span> <span class='ocrx_word' id='word_1_53' title='bbox 469 1695 691 1760; x_wconf 86' lang='lat' dir='ltr'>amicissimum</span> <span class='ocrx_word' id='word_1_54' title='bbox 713 1719 750 1761; x_wconf 87' lang='lat' dir='ltr'>ae</span> <span class='ocrx_word' id='word_1_55' title='bbox 768 1697 886 1762; x_wconf 90' lang='lat' dir='ltr'>soeium</span> <span class='ocrx_word' id='word_1_56' title='bbox 907 1697 1092 1764; x_wconf 88' lang='lat' dir='ltr'>fidissimum</span> <span class='ocrx_word' id='word_1_57' title='bbox 1126 1722 1178 1763; x_wconf 84' lang='lat' dir='ltr'>er-</span> 
     </span>
     <span class='ocr_line' id='line_1_10' title="bbox 219 1816 1178 1906; baseline 0 -24"><span class='ocrx_word' id='word_1_58' title='bbox 219 1817 386 1906; x_wconf 88' lang='lat' dir='ltr'>periretur.</span> <span class='ocrx_word' id='word_1_59' title='bbox 433 1816 469 1880; x_wconf 94' lang='lat' dir='ltr'>In</span> <span class='ocrx_word' id='word_1_60' title='bbox 494 1817 709 1882; x_wconf 87' lang='lat' dir='ltr'>suburbanum</span> <span class='ocrx_word' id='word_1_61' title='bbox 740 1818 907 1905; x_wconf 90' lang='lat' dir='ltr'>Pomponii</span> <span class='ocrx_word' id='word_1_62' title='bbox 927 1831 1092 1906; x_wconf 82' lang='lat' dir='ltr'>receptus,</span> <span class='ocrx_word' id='word_1_63' title='bbox 1115 1833 1178 1883; x_wconf 91' lang='lat' dir='ltr'>tam</span> 
     </span>
     <span class='ocr_line' id='line_1_11' title="bbox 220 1935 1179 2026; baseline 0 -23"><span class='ocrx_word' id='word_1_64' title='bbox 220 1939 341 2003; x_wconf 85' lang='lat' dir='ltr'>assidua</span> <span class='ocrx_word' id='word_1_65' title='bbox 360 1938 512 2003; x_wconf 91' lang='lat' dir='ltr'>librorum</span> <span class='ocrx_word' id='word_1_66' title='bbox 545 1937 700 2015; x_wconf 87' lang='lat' dir='ltr'>lectione,</span> <span class='ocrx_word' id='word_1_67' title='bbox 729 1935 1050 2026; x_wconf 84' lang='lat' dir='ltr'>quamplurimorum</span> <span class='ocrx_word' id='word_1_68' title='bbox 1074 1938 1179 2003; x_wconf 78' lang='lat' dir='ltr'>Attico</span> 
     </span>
     <span class='ocr_line' id='line_1_12' title="bbox 219 2059 1179 2139; baseline -0.002 -13"><span class='ocrx_word' id='word_1_69' title='bbox 219 2062 424 2128; x_wconf 79' lang='lat' dir='ltr'>familiarium</span> <span class='ocrx_word' id='word_1_70' title='bbox 436 2061 601 2128; x_wconf 91' lang='lat' dir='ltr'>hominum</span> <span class='ocrx_word' id='word_1_71' title='bbox 617 2061 841 2128; x_wconf 86' lang='lat' dir='ltr'>consuetudine</span> <span class='ocrx_word' id='word_1_72' title='bbox 854 2111 863 2139; x_wconf 88' lang='lat'>,</span> <span class='ocrx_word' id='word_1_73' title='bbox 874 2060 1025 2126; x_wconf 86' lang='lat' dir='ltr'>afflictum</span> <span class='ocrx_word' id='word_1_74' title='bbox 1038 2059 1179 2124; x_wconf 89' lang='lat' dir='ltr'>animum</span> 
     </span>
     <span class='ocr_line' id='line_1_13' title="bbox 223 2177 1178 2270; baseline -0.001 -25"><span class='ocrx_word' id='word_1_75' title='bbox 223 2182 341 2270; x_wconf 79' lang='lat' dir='ltr'>erigere</span> <span class='ocrx_word' id='word_1_76' title='bbox 364 2195 395 2246; x_wconf 88' lang='lat' dir='ltr'>et</span> <span class='ocrx_word' id='word_1_77' title='bbox 434 2181 549 2248; x_wconf 88' lang='lat' dir='ltr'>doloris</span> <span class='ocrx_word' id='word_1_78' title='bbox 580 2180 721 2246; x_wconf 80' lang='lat' dir='ltr'>levamen</span> <span class='ocrx_word' id='word_1_79' title='bbox 757 2182 816 2246; x_wconf 91' lang='lat' dir='ltr'>sibi</span> <span class='ocrx_word' id='word_1_80' title='bbox 845 2201 1026 2268; x_wconf 87' lang='lat' dir='ltr'>comparare</span> <span class='ocrx_word' id='word_1_81' title='bbox 1060 2177 1178 2244; x_wconf 85' lang='lat' dir='ltr'>Tullius</span> 
     </span>
     <span class='ocr_line' id='line_1_14' title="bbox 217 2301 1176 2391; baseline 0.002 -27"><span class='ocrx_word' id='word_1_82' title='bbox 217 2301 382 2369; x_wconf 82' lang='lat' dir='ltr'>studuit1.</span> <span class='ocrx_word' id='word_1_83' title='bbox 430 2304 472 2367; x_wconf 81' lang='lat' dir='ltr'>m</span> <span class='ocrx_word' id='word_1_84' title='bbox 494 2324 606 2391; x_wconf 92' lang='lat' dir='ltr'>parum</span> <span class='ocrx_word' id='word_1_85' title='bbox 630 2304 754 2366; x_wconf 83' lang='lat' dir='ltr'>efficere</span> <span class='ocrx_word' id='word_1_86' title='bbox 787 2303 935 2368; x_wconf 78' lang='lat' dir='ltr'>benevola</span> <span class='ocrx_word' id='word_1_87' title='bbox 968 2301 1068 2368; x_wconf 78' lang='lat' dir='ltr'>Attici</span> <span class='ocrx_word' id='word_1_88' title='bbox 1102 2323 1176 2366; x_wconf 86' lang='lat' dir='ltr'>cura</span> 
     </span>
     <span class='ocr_line' id='line_1_15' title="bbox 216 2419 1176 2511; baseline 0.001 -25"><span class='ocrx_word' id='word_1_89' title='bbox 216 2436 311 2510; x_wconf 88' lang='lat' dir='ltr'>atque</span> <span class='ocrx_word' id='word_1_90' title='bbox 341 2419 519 2487; x_wconf 82' lang='lat' dir='ltr'>sollicitudo</span> <span class='ocrx_word' id='word_1_91' title='bbox 539 2423 656 2510; x_wconf 89' lang='lat' dir='ltr'>potuit.</span> <span class='ocrx_word' id='word_1_92' title='bbox 689 2423 828 2488; x_wconf 86' lang='lat' dir='ltr'>Mensem</span> <span class='ocrx_word' id='word_1_93' title='bbox 850 2423 913 2487; x_wconf 87' lang='lat' dir='ltr'>lere</span> <span class='ocrx_word' id='word_1_94' title='bbox 934 2423 1016 2511; x_wconf 89' lang='lat' dir='ltr'>apud</span> <span class='ocrx_word' id='word_1_95' title='bbox 1037 2445 1068 2487; x_wconf 90' lang='lat' dir='ltr'>se</span> <span class='ocrx_word' id='word_1_96' title='bbox 1089 2445 1176 2495; x_wconf 85' lang='lat' dir='ltr'>moe·</span> 
     </span>
     <span class='ocr_line' id='line_1_16' title="bbox 215 2542 1176 2633; baseline 0.001 -26"><span class='ocrx_word' id='word_1_97' title='bbox 215 2558 296 2609; x_wconf 87' lang='lat' dir='ltr'>stum</span> <span class='ocrx_word' id='word_1_98' title='bbox 317 2557 437 2633; x_wconf 90' lang='lat' dir='ltr'>patrem</span> <span class='ocrx_word' id='word_1_99' title='bbox 460 2542 492 2607; x_wconf 89' lang='lat' dir='ltr'>in</span> <span class='ocrx_word' id='word_1_100' title='bbox 513 2543 584 2608; x_wconf 80' lang='lat' dir='ltr'>silla</span> <span class='ocrx_word' id='word_1_101' title='bbox 606 2543 762 2624; x_wconf 84' lang='lat' dir='ltr'>retinuit3</span> <span class='ocrx_word' id='word_1_102' title='bbox 790 2557 857 2608; x_wconf 90' lang='lat' dir='ltr'>tum</span> <span class='ocrx_word' id='word_1_103' title='bbox 878 2559 949 2608; x_wconf 74' lang='lat' dir='ltr'>vero</span> <span class='ocrx_word' id='word_1_104' title='bbox 962 2543 1119 2610; x_wconf 87' lang='lat' dir='ltr'>dimittere</span> <span class='ocrx_word' id='word_1_105' title='bbox 1131 2557 1176 2610; x_wconf 90' lang='lat' dir='ltr'>est</span> 
     </span>
    </p>
   </div>
   <div class='ocr_carea' id='block_1_6' title="bbox 208 2756 1175 4023">
    <p class='ocr_par' dir='ltr' id='par_1_6' title="bbox 208 2756 1175 4023">
     <span class='ocr_line' id='line_1_17' title="bbox 215 2756 1174 2824; baseline 0.002 -20"><span class='ocrx_word' id='word_1_106' title='bbox 215 2756 335 2820; x_wconf 89' lang='lat' dir='ltr'>misisti,</span> <span class='ocrx_word' id='word_1_107' title='bbox 355 2765 487 2810; x_wconf 79' lang='lat' dir='ltr'>contento</span> <span class='ocrx_word' id='word_1_108' title='bbox 521 2757 641 2807; x_wconf 85' lang='lat' dir='ltr'>Antonio</span> <span class='ocrx_word' id='word_1_109' title='bbox 670 2757 780 2808; x_wconf 82' lang='lat' dir='ltr'>Tiburi.</span> <span class='ocrx_word' id='word_1_110' title='bbox 807 2759 950 2822; x_wconf 79' lang='lat' dir='ltr'>Sapienter</span> <span class='ocrx_word' id='word_1_111' title='bbox 972 2757 1078 2821; x_wconf 83' lang='lat' dir='ltr'>igitur,</span> <span class='ocrx_word' id='word_1_112' title='bbox 1099 2759 1174 2824; x_wconf 91' lang='lat' dir='ltr'>quod</span> 
     </span>
     <span class='ocr_line' id='line_1_18' title="bbox 214 2855 1175 2922; baseline 0.004 -19"><span class='ocrx_word' id='word_1_113' title='bbox 214 2872 311 2908; x_wconf 89' lang='lat' dir='ltr'>manus</span> <span class='ocrx_word' id='word_1_114' title='bbox 333 2857 435 2908; x_wconf 88' lang='lat' dir='ltr'>dedisti</span> <span class='ocrx_word' id='word_1_115' title='bbox 460 2855 591 2922; x_wconf 89' lang='lat' dir='ltr'>quodque</span> <span class='ocrx_word' id='word_1_116' title='bbox 621 2855 705 2908; x_wconf 89' lang='lat' dir='ltr'>etiam</span> <span class='ocrx_word' id='word_1_117' title='bbox 733 2856 809 2907; x_wconf 93' lang='lat' dir='ltr'>ultro</span> <span class='ocrx_word' id='word_1_118' title='bbox 841 2861 943 2922; x_wconf 82' lang='lat' dir='ltr'>gratias</span> <span class='ocrx_word' id='word_1_119' title='bbox 974 2859 1063 2922; x_wconf 83' lang='lat' dir='ltr'>egisti.</span> <span class='ocrx_word' id='word_1_120' title='bbox 1100 2861 1175 2909; x_wconf 86' lang='lat' dir='ltr'>Certe</span> 
     </span>
     <span class='ocr_line' id='line_1_19' title="bbox 213 2955 1175 3027; baseline 0.008 -25"><span class='ocrx_word' id='word_1_121' title='bbox 213 2955 303 3017; x_wconf 89' lang='lat' dir='ltr'>onim,</span> <span class='ocrx_word' id='word_1_122' title='bbox 321 2961 353 3004; x_wconf 82' lang='lat' dir='ltr'>ut</span> <span class='ocrx_word' id='word_1_123' title='bbox 371 2957 495 3020; x_wconf 82' lang='lat' dir='ltr'>scribis,</span> <span class='ocrx_word' id='word_1_124' title='bbox 513 2957 670 3008; x_wconf 85' lang='lat' dir='ltr'>deseremur</span> <span class='ocrx_word' id='word_1_125' title='bbox 695 2958 787 3024; x_wconf 86' lang='lat' dir='ltr'>potius</span> <span class='ocrx_word' id='word_1_126' title='bbox 807 2977 821 3008; x_wconf 94' lang='lat' dir='ltr'>a</span> <span class='ocrx_word' id='word_1_127' title='bbox 846 2960 988 3026; x_wconf 89' lang='lat' dir='ltr'>republica</span> <span class='ocrx_word' id='word_1_128' title='bbox 1004 2977 1121 3027; x_wconf 87' lang='lat' dir='ltr'>quamn</span> <span class='ocrx_word' id='word_1_129' title='bbox 1146 2978 1175 3010; x_wconf 88' lang='lat' dir='ltr'>re</span> 
     </span>
     <span class='ocr_line' id='line_1_20' title="bbox 212 3053 1174 3119; baseline 0.002 -13"><span class='ocrx_word' id='word_1_130' title='bbox 212 3053 381 3106; x_wconf 77' lang='lat' dir='ltr'>familiari.»</span> <span class='ocrx_word' id='word_1_131' title='bbox 420 3057 471 3119; x_wconf 80' lang='lat' dir='ltr'>Agi</span> <span class='ocrx_word' id='word_1_132' title='bbox 489 3055 541 3105; x_wconf 88' lang='lat' dir='ltr'>hoc</span> <span class='ocrx_word' id='word_1_133' title='bbox 560 3056 621 3107; x_wconf 86' lang='lat' dir='ltr'>loco</span> <span class='ocrx_word' id='word_1_134' title='bbox 642 3059 675 3108; x_wconf 87' lang='lat' dir='ltr'>de</span> <span class='ocrx_word' id='word_1_135' title='bbox 699 3075 780 3109; x_wconf 89' lang='lat' dir='ltr'>causa</span> <span class='ocrx_word' id='word_1_136' title='bbox 812 3057 959 3110; x_wconf 82' lang='lat' dir='ltr'>Buthrotia</span> <span class='ocrx_word' id='word_1_137' title='bbox 987 3062 1062 3110; x_wconf 87' lang='lat' dir='ltr'>omni</span> <span class='ocrx_word' id='word_1_138' title='bbox 1088 3060 1174 3110; x_wconf 92' lang='lat' dir='ltr'>dubio</span> 
     </span>
     <span class='ocr_line' id='line_1_21' title="bbox 212 3159 1171 3224; baseline 0.005 -20"><span class='ocrx_word' id='word_1_139' title='bbox 212 3163 303 3221; x_wconf 81' lang='lat' dir='ltr'>earet3</span> <span class='ocrx_word' id='word_1_140' title='bbox 331 3174 383 3223; x_wconf 89' lang='lat' dir='ltr'>pro</span> <span class='ocrx_word' id='word_1_141' title='bbox 410 3174 465 3224; x_wconf 91' lang='lat' dir='ltr'>quo</span> <span class='ocrx_word' id='word_1_142' title='bbox 493 3165 584 3208; x_wconf 84' lang='lat' dir='ltr'>antem</span> <span class='ocrx_word' id='word_1_143' title='bbox 613 3159 743 3209; x_wconf 89' lang='lat' dir='ltr'>beneficio</span> <span class='ocrx_word' id='word_1_144' title='bbox 779 3160 884 3210; x_wconf 87' lang='lat' dir='ltr'>llttious</span> <span class='ocrx_word' id='word_1_145' title='bbox 916 3163 1018 3223; x_wconf 79' lang='lat' dir='ltr'>gratias</span> <span class='ocrx_word' id='word_1_146' title='bbox 1054 3159 1171 3209; x_wconf 88' lang='lat' dir='ltr'>Antonio</span> 
     </span>
     <span class='ocr_line' id='line_1_22' title="bbox 209 3254 1171 3326; baseline 0.004 -22"><span class='ocrx_word' id='word_1_147' title='bbox 209 3254 296 3317; x_wconf 74' lang='lat' dir='ltr'>egerit</span> <span class='ocrx_word' id='word_1_148' title='bbox 306 3291 317 3321; x_wconf 86' lang='lat'>‚</span> <span class='ocrx_word' id='word_1_149' title='bbox 353 3255 487 3322; x_wconf 86' lang='lat' dir='ltr'>explicari</span> <span class='ocrx_word' id='word_1_150' title='bbox 522 3258 567 3308; x_wconf 88' lang='lat' dir='ltr'>vix</span> <span class='ocrx_word' id='word_1_151' title='bbox 600 3276 676 3324; x_wconf 89' lang='lat' dir='ltr'>posse</span> <span class='ocrx_word' id='word_1_152' title='bbox 709 3259 857 3322; x_wconf 85' lang='lat' dir='ltr'>videatur,</span> <span class='ocrx_word' id='word_1_153' title='bbox 885 3260 907 3309; x_wconf 88' lang='lat' dir='ltr'>si</span> <span class='ocrx_word' id='word_1_154' title='bbox 931 3261 1082 3326; x_wconf 87' lang='lat' dir='ltr'>posteriora</span> <span class='ocrx_word' id='word_1_155' title='bbox 1104 3261 1171 3309; x_wconf 87' lang='lat' dir='ltr'>item</span> 
     </span>
     <span class='ocr_line' id='line_1_23' title="bbox 209 3354 1169 3425; baseline 0.013 -25"><span class='ocrx_word' id='word_1_156' title='bbox 209 3354 293 3404; x_wconf 86' lang='lat' dir='ltr'>verba</span> <span class='ocrx_word' id='word_1_157' title='bbox 313 3355 365 3405; x_wconf 85' lang='lat' dir='ltr'>rite</span> <span class='ocrx_word' id='word_1_158' title='bbox 386 3357 534 3422; x_wconf 80' lang='lat' dir='ltr'>perpendis</span> <span class='ocrx_word' id='word_1_159' title='bbox 547 3393 557 3421; x_wconf 86' lang='lat'>‚</span> <span class='ocrx_word' id='word_1_160' title='bbox 576 3377 646 3424; x_wconf 86' lang='lat' dir='ltr'>quae</span> <span class='ocrx_word' id='word_1_161' title='bbox 664 3361 804 3425; x_wconf 83' lang='lat' dir='ltr'>probant,</span> <span class='ocrx_word' id='word_1_162' title='bbox 818 3361 980 3412; x_wconf 83' lang='lat' dir='ltr'>Atticumin</span> <span class='ocrx_word' id='word_1_163' title='bbox 993 3379 1022 3412; x_wconf 92' lang='lat' dir='ltr'>re</span> <span class='ocrx_word' id='word_1_164' title='bbox 1034 3361 1169 3412; x_wconf 79' lang='lat' dir='ltr'>familiari</span> 
     </span>
     <span class='ocr_line' id='line_1_24' title="bbox 209 3453 1170 3530; baseline 0.011 -27"><span class='ocrx_word' id='word_1_165' title='bbox 209 3453 302 3506; x_wconf 83' lang='lat' dir='ltr'>secisse</span> <span class='ocrx_word' id='word_1_166' title='bbox 319 3456 530 3508; x_wconf 83' lang='lat' dir='ltr'>detrimentum.</span> <span class='ocrx_word' id='word_1_167' title='bbox 565 3460 657 3510; x_wconf 85' lang='lat' dir='ltr'>Nodos</span> <span class='ocrx_word' id='word_1_168' title='bbox 680 3462 718 3511; x_wconf 85' lang='lat' dir='ltr'>tic</span> <span class='ocrx_word' id='word_1_169' title='bbox 747 3461 863 3513; x_wconf 84' lang='lat' dir='ltr'>fortasse</span> <span class='ocrx_word' id='word_1_170' title='bbox 892 3470 932 3514; x_wconf 85' lang='lat' dir='ltr'>est</span> <span class='ocrx_word' id='word_1_171' title='bbox 960 3463 1170 3530; x_wconf 82' lang='lat' dir='ltr'>expediendus,</span> 
     </span>
     <span class='ocr_line' id='line_1_25' title="bbox 209 3557 1168 3624; baseline 0.007 -18"><span class='ocrx_word' id='word_1_172' title='bbox 209 3565 240 3606; x_wconf 89' lang='lat' dir='ltr'>ut</span> <span class='ocrx_word' id='word_1_173' title='bbox 261 3559 402 3620; x_wconf 86' lang='lat' dir='ltr'>dicamus,</span> <span class='ocrx_word' id='word_1_174' title='bbox 421 3575 498 3624; x_wconf 82' lang='lat' dir='ltr'>agros</span> <span class='ocrx_word' id='word_1_175' title='bbox 514 3557 728 3612; x_wconf 87' lang='lat' dir='ltr'>Buthrotiorum</span> <span class='ocrx_word' id='word_1_176' title='bbox 760 3563 871 3613; x_wconf 88' lang='lat' dir='ltr'>tandem</span> <span class='ocrx_word' id='word_1_177' title='bbox 897 3581 925 3614; x_wconf 87' lang='lat' dir='ltr'>re</span> <span class='ocrx_word' id='word_1_178' title='bbox 942 3579 1007 3614; x_wconf 81' lang='lat' dir='ltr'>vera</span> <span class='ocrx_word' id='word_1_179' title='bbox 1024 3563 1112 3614; x_wconf 76' lang='lat' dir='ltr'>fuisse</span> <span class='ocrx_word' id='word_1_180' title='bbox 1124 3565 1168 3613; x_wconf 95' lang='lat' dir='ltr'>di-</span> 
     </span>
     <span class='ocr_line' id='line_1_26' title="bbox 209 3641 1169 3727; baseline 0.011 -24"><span class='ocrx_word' id='word_1_181' title='bbox 209 3656 299 3720; x_wconf 81' lang='lat' dir='ltr'>visos3</span> <span class='ocrx_word' id='word_1_182' title='bbox 317 3641 461 3724; x_wconf 83' lang='lat' dir='ltr'>Pomponii</span> <span class='ocrx_word' id='word_1_183' title='bbox 483 3677 548 3710; x_wconf 82' lang='lat' dir='ltr'>vero</span> <span class='ocrx_word' id='word_1_184' title='bbox 566 3662 743 3727; x_wconf 85' lang='lat' dir='ltr'>possessiones</span> <span class='ocrx_word' id='word_1_185' title='bbox 760 3661 811 3712; x_wconf 77' lang='lat' dir='ltr'>itta</span> <span class='ocrx_word' id='word_1_186' title='bbox 825 3661 961 3714; x_wconf 83' lang='lat' dir='ltr'>divisione</span> <span class='ocrx_word' id='word_1_187' title='bbox 973 3661 1056 3713; x_wconf 79' lang='lat' dir='ltr'>luisse</span> <span class='ocrx_word' id='word_1_188' title='bbox 1076 3681 1169 3714; x_wconf 81' lang='lat' dir='ltr'>enem-</span> 
     </span>
     <span class='ocr_line' id='line_1_27' title="bbox 208 3754 1166 3829; baseline 0.011 -28"><span class='ocrx_word' id='word_1_189' title='bbox 208 3761 280 3818; x_wconf 85' lang='lat' dir='ltr'>ptas.</span> <span class='ocrx_word' id='word_1_190' title='bbox 316 3755 358 3805; x_wconf 86' lang='lat' dir='ltr'>sic</span> <span class='ocrx_word' id='word_1_191' title='bbox 376 3754 476 3806; x_wconf 87' lang='lat' dir='ltr'>habuit</span> <span class='ocrx_word' id='word_1_192' title='bbox 495 3757 622 3823; x_wconf 81' lang='lat' dir='ltr'>Atticus,</span> <span class='ocrx_word' id='word_1_193' title='bbox 641 3759 714 3826; x_wconf 85' lang='lat' dir='ltr'>quod</span> <span class='ocrx_word' id='word_1_194' title='bbox 726 3768 753 3810; x_wconf 87' lang='lat' dir='ltr'>et</span> <span class='ocrx_word' id='word_1_195' title='bbox 767 3759 870 3823; x_wconf 87' lang='lat' dir='ltr'>gratias</span> <span class='ocrx_word' id='word_1_196' title='bbox 883 3763 998 3811; x_wconf 80' lang='lat' dir='ltr'>Antonio</span> <span class='ocrx_word' id='word_1_197' title='bbox 1015 3769 1105 3824; x_wconf 82' lang='lat' dir='ltr'>ageret</span> <span class='ocrx_word' id='word_1_198' title='bbox 1116 3779 1166 3829; x_wconf 89' lang='lat' dir='ltr'>pro</span> 
     </span>
     <span class='ocr_line' id='line_1_28' title="bbox 208 3849 1165 3928; baseline 0.011 -29"><span class='ocrx_word' id='word_1_199' title='bbox 208 3849 327 3902; x_wconf 75' lang='lat' dir='ltr'>officiosa</span> <span class='ocrx_word' id='word_1_200' title='bbox 346 3856 501 3921; x_wconf 82' lang='lat' dir='ltr'>exceptione</span> <span class='ocrx_word' id='word_1_201' title='bbox 516 3863 544 3905; x_wconf 86' lang='lat' dir='ltr'>et</span> <span class='ocrx_word' id='word_1_202' title='bbox 558 3873 669 3921; x_wconf 84' lang='lat' dir='ltr'>gravem</span> <span class='ocrx_word' id='word_1_203' title='bbox 690 3865 781 3908; x_wconf 88' lang='lat' dir='ltr'>tamen</span> <span class='ocrx_word' id='word_1_204' title='bbox 799 3859 839 3908; x_wconf 88' lang='lat' dir='ltr'>rei</span> <span class='ocrx_word' id='word_1_205' title='bbox 859 3857 1007 3911; x_wconf 76' lang='lat' dir='ltr'>familiaris</span> <span class='ocrx_word' id='word_1_206' title='bbox 1025 3859 1165 3928; x_wconf 88' lang='lat' dir='ltr'>jacturam</span> 
     </span>
     <span class='ocr_line' id='line_1_29' title="bbox 208 3953 1163 4023; baseline 0.009 -21"><span class='ocrx_word' id='word_1_207' title='bbox 208 3969 293 4017; x_wconf 84' lang='lat' dir='ltr'>aequo</span> <span class='ocrx_word' id='word_1_208' title='bbox 314 3953 405 4004; x_wconf 87' lang='lat' dir='ltr'>animo</span> <span class='ocrx_word' id='word_1_209' title='bbox 431 3954 528 4009; x_wconf 79' lang='lat' dir='ltr'>ferrer.</span> <span class='ocrx_word' id='word_1_210' title='bbox 565 3960 633 4009; x_wconf 86' lang='lat' dir='ltr'>Nam</span> <span class='ocrx_word' id='word_1_211' title='bbox 648 3958 814 4023; x_wconf 86' lang='lat' dir='ltr'>Buthrotii,</span> <span class='ocrx_word' id='word_1_212' title='bbox 834 3961 961 4010; x_wconf 87' lang='lat' dir='ltr'>omnibus</span> <span class='ocrx_word' id='word_1_213' title='bbox 995 3962 1050 4010; x_wconf 86' lang='lat' dir='ltr'>ruis</span> <span class='ocrx_word' id='word_1_214' title='bbox 1079 3961 1163 4012; x_wconf 82' lang='lat' dir='ltr'>amis·</span> 
     </span>
    </p>
   </div>
   <div class='ocr_carea' id='block_1_7' title="bbox 208 4048 913 4224">
    <p class='ocr_par' dir='ltr' id='par_1_7' title="bbox 208 4048 913 4224">
     <span class='ocr_line' id='line_1_30' title="bbox 208 4048 913 4123; baseline 0.014 -25"><span class='ocrx_word' id='word_1_215' title='bbox 208 4049 245 4099; x_wconf 83' lang='lat' dir='ltr'>sis</span> <span class='ocrx_word' id='word_1_216' title='bbox 258 4048 418 4113; x_wconf 79' lang='lat' dir='ltr'>‚solvendo</span> <span class='ocrx_word' id='word_1_217' title='bbox 440 4069 492 4103; x_wconf 89' lang='lat' dir='ltr'>non</span> <span class='ocrx_word' id='word_1_218' title='bbox 509 4056 629 4123; x_wconf 88' lang='lat' dir='ltr'>amplius</span> <span class='ocrx_word' id='word_1_219' title='bbox 651 4055 735 4110; x_wconf 84' lang='lat' dir='ltr'>fuisse</span> <span class='ocrx_word' id='word_1_220' title='bbox 756 4058 913 4110; x_wconf 63' lang='lat' dir='ltr'>videntum·</span> 
     </span>
     <span class='ocr_line' id='line_1_31' title="bbox 248 4135 862 4224; baseline 0.023 -30"><span class='ocrx_word' id='word_1_221' title='bbox 248 4135 258 4165; x_wconf 80' lang='lat'><strong>¹</strong></span> <span class='ocrx_word' id='word_1_222' title='bbox 298 4145 359 4200; x_wconf 78' lang='lat' dir='ltr'>tra.</span> <span class='ocrx_word' id='word_1_223' title='bbox 377 4147 441 4202; x_wconf 80' lang='lat' dir='ltr'>nn.</span> <span class='ocrx_word' id='word_1_224' title='bbox 459 4153 510 4220; x_wconf 71' lang='lat' dir='ltr'>up.</span> <span class='ocrx_word' id='word_1_225' title='bbox 529 4155 572 4221; x_wconf 76' lang='lat' dir='ltr'>ra.</span> <span class='ocrx_word' id='word_1_226' title='bbox 589 4157 603 4224; x_wconf 67' lang='lat' dir='ltr'>r</span> <span class='ocrx_word' id='word_1_227' title='bbox 621 4157 652 4224; x_wconf 71' lang='lat'>³3</span> <span class='ocrx_word' id='word_1_228' title='bbox 672 4157 725 4220; x_wconf 76' lang='lat' dir='ltr'>ap.</span> <span class='ocrx_word' id='word_1_229' title='bbox 741 4154 785 4220; x_wconf 73' lang='lat' dir='ltr'>ao.</span> <span class='ocrx_word' id='word_1_230' title='bbox 804 4155 818 4222; x_wconf 71' lang='lat' dir='ltr'>t</span> <span class='ocrx_word' id='word_1_231' title='bbox 837 4157 862 4208; x_wconf 80' lang='lat' dir='ltr'>a.</span> 
     </span>
    </p>
   </div>
   <div class='ocr_carea' id='block_1_8' title="bbox 0 0 1526 5146">
    <p class='ocr_par' dir='ltr' id='par_1_8' title="bbox 0 0 1526 5146">
     <span class='ocr_line' id='line_1_32' title="bbox 0 0 1526 5146; baseline 0 5"><span class='ocrx_word' id='word_1_232' title='bbox 0 0 1526 5146; x_wconf 95' lang='lat' dir='ltr'> </span> 
     </span>
    </p>
   </div>
  </div>
 </body>
</html>
