3042 5140
688 630 754 691 145

231 833 323 887 mus,
349 807 455 872 saltem
490 805 529 872 de
551 805 701 870 industria
738 829 800 872 non
832 829 936 874 sumus
966 811 1181 900 contempla-ti.

231 905 270 998 ld
293 951 365 994 sero
379 927 438 994 hoc
452 928 520 993 loeo
531 949 622 1016 agere
633 928 847 1012 studebimus,
873 931 1064 1022 exposituri,
1089 959 1184 1024 quam

234 1047 355 1112 Atticus
374 1045 407 1110 in
430 1045 575 1112 civilibus
601 1047 693 1112 rebus
713 1047 820 1112 inierit
840 1047 921 1112 riam
944 1047 1070 1138 etquid
1093 1049 1132 1115 de
1151 1075 1185 1154 eg

231 1168 472 1238 existimandum
512 1167 562 1236 sit.
633 1167 723 1252 Quod
763 1178 799 1232 ut
828 1191 883 1256 per
914 1190 945 1234 se
980 1169 1188 1258 intelligitur,

232 1291 340 1381 paucis
370 1290 531 1358 absoluere
549 1291 743 1380 poterimus,
764 1290 923 1378 siquidem
955 1313 1019 1354 non
1046 1290 1089 1356 ita
1121 1314 1189 1356 ma·

233 1433 368 1500 puopere
387 1411 420 1474 in
443 1409 607 1501 republica
634 1433 664 1476 se
690 1409 880 1478 facinoribus
901 1411 1031 1492 extulit,
1065 1425 1099 1477 ut
1132 1411 1192 1478 hae
1259 1459 1266 1468 -

233 1548 322 1624 parte
343 1535 482 1601 nominis
494 1535 611 1599 famam
632 1532 752 1622 assequi
774 1532 989 1622 celebrarique
1019 1533 1059 1598 oh
1080 1533 1191 1599 merita

231 1652 400 1732 debuerit,
434 1653 487 1718 sed
512 1638 656 1741 ,privatus
690 1673 813 1739 semper
844 1651 930 1718 risit.
985 1649 1054 1718 lloc
1086 1652 1190 1739 ipsum

237 1786 342 1842 tamen
366 1773 523 1862 quomodo
542 1784 576 1838 et
599 1745 715 1861 quibus
736 1770 847 1836 ductus
871 1770 1043 1846 rationibus
1065 1793 1194 1836 essecu-

238 1906 286 1962 tus
312 1893 373 1972 sit,
399 1914 542 1960 enarrare
561 1893 651 1978 juvat
676 1905 729 1970 et,
755 1911 816 1978 qua
845 1912 901 1980 par
932 1904 999 1968 est,
1035 1892 1194 1980 aequitate

235 2011 424 2100 dijudicare.
1144 2020 1149 2023 ’

222 2137 227 2144 ’
285 2131 344 2196 «ln
353 2133 521 2222 republicis
534 2134 576 2198 ita
590 2147 723 2200 versatus
734 2149 778 2202 cst
791 2184 800 2214 ,
813 2149 847 2201 ut
869 2159 990 2228 semper
1003 2136 1194 2228 optimarum

234 2255 374 2344 partium
398 2267 429 2319 et
453 2251 530 2322 esset
555 2269 586 2321 et
618 2257 867 2336 existimaretur,
901 2257 1006 2348 neque
1029 2272 1133 2325 tamen
1164 2283 1195 2324 se

241 2377 389 2446 ciuilibus
405 2377 559 2443 fluctibus
580 2377 814 2456 committeret,
841 2379 925 2467 quod
946 2403 1009 2448 uon
1029 2380 1126 2470 magis
1147 2403 1199 2446 eos

159 2574 166 2600 ι
237 2497 272 2562 in
297 2517 351 2560 sua
372 2507 528 2584 potestate
557 2493 753 2560 existimabat
776 2518 862 2575 esse,
888 2498 944 2586 qui
970 2521 1001 2563 se
1022 2498 1059 2564 iis
1089 2498 1196 2564 dedis-

240 2625 331 2693 sent,
357 2635 453 2703 quam
477 2615 531 2702 qni
548 2613 713 2680 maritimis
732 2616 926 2702 jactarentur
935 2639 961 2680 o>
979 2618 1008 2682 ¹.
1043 2613 1100 2679 llis
1125 2615 1199 2704 ipsis

235 2737 339 2802 serbis
356 2738 460 2830 Nepos
480 2737 638 2832 explicat,
664 2758 726 2826 quo
736 2748 831 2826 paeto
848 2738 885 2800 'iu
906 2736 1049 2802 civilibus
1065 2735 1197 2823 negotiis

240 2855 362 2922 Atticus
382 2879 446 2924 sese
467 2855 603 2946 gesserit.
655 2858 769 2948 Itaque
792 2879 855 2924 nou
877 2859 902 2922 is
915 2859 999 2938 luit,
1024 2858 1078 2947 qui
1101 2856 1195 2923 modo

239 2977 309 3057 his,
335 2977 428 3042 modo
446 2978 508 3044 illis
527 2979 668 3067 partibus
691 2981 814 3060 levens,
839 2978 933 3046 nullis
953 3002 990 3045 ex
1010 2977 1107 3043 animi
1128 3001 1198 3044 seu·

238 3099 337 3165 tentia
361 3121 466 3195 reapse
489 3099 651 3179 addictus,
686 3122 808 3190 semper
834 3102 1001 3166 fluctuaret
1034 3123 1128 3188 seque
1160 3100 1198 3163 ad

234 3241 346 3285 omnes
369 3219 620 3289 accommodaret
636 3246 647 3300 3
675 3220 728 3286 sed
748 3221 787 3286 ad
809 3221 908 3286 nullas
924 3221 970 3287 ita
986 3221 1140 3298 accessit,
1166 3233 1200 3285 ut

239 3360 345 3402 earum
372 3339 505 3430 publice
535 3339 930 3433 exstiterit-propugnator
962 3354 993 3405 et
1016 3341 1049 3404 iu
1077 3351 1198 3406 ceteras

232 3459 441 3547 conspiraret.
490 3461 549 3525 llas
583 3473 688 3528 autem
710 3475 813 3551 partes
839 3477 961 3530 secutus
988 3486 1110 3553 semper
1131 3477 1198 3544 est,

245 3601 325 3667 quae
346 3580 407 3669 ipsi
432 3579 471 3645 ad
492 3581 627 3670 patriam
647 3584 826 3649 servandam
858 3585 1037 3674 civiumque
1069 3583 1200 3652 salutem

234 3693 458 3764 uindicandam
479 3697 622 3761 conferre
641 3697 836 3786 {plurimum
863 3700 1059 3770 ridebantur.
1115 3702 1200 3771 lline

235 3815 271 3878 in
298 3813 435 3882 Caesaris
459 3833 489 3888 et
506 3819 656 3908 'Pompeji
675 3819 714 3884 de
725 3820 904 3912 principatu
916 3821 1169 3888 altercationibus
1179 3847 1198 3892 a

281 4124 296 4158 ·1
335 4115 420 4182 Nepos
439 4137 463 4168 c.
480 4115 534 4174 Vl.
551 4121 564 4187 p
584 4128 608 4172 1.
