3042 5140
701 659 769 724 tle

249 840 377 917 floruit,
411 839 560 904 facillima
582 839 703 904 ratione
727 841 757 904 ei
781 839 900 904 aditum
925 837 963 902 ad
988 837 1075 902 illud*
1090 836 1203 927 geren·

248 963 323 1027 dum
348 962 482 1049 aperiret
499 965 527 1028 ¹.
575 961 622 1025 Ita
638 963 682 1042 *ab
705 961 792 1024 omni
820 979 948 1024 munere
980 957 1066 1022 cirili
1094 957 1196 1021 ambi·

248 1082 329 1147 endo
351 1082 473 1148 Atticus
494 1081 697 1146 alienissimus
720 1082 803 1161 fuit;
829 1077 990 1145 beneficiis
1013 1090 1045 1144 et
1064 1077 1200 1142 consiliis

247 1204 377 1293 privatis
397 1203 540 1292 prodesse
560 1195 738 1268 amicissibi
757 1201 857 1267 multo
879 1201 992 1266 habuit
1005 1200 1191 1290 exoptatius,

248 1347 342 1413 quam
364 1324 538 1390 inturbata
566 1324 736 1414 republica
755 1319 1076 1388 honorificentissimis
1101 1319 1190 1408 magi·

247 1445 393 1510 stratibus
404 1444 579 1532 splendere.
604 1445 744 1510 Privatus
766 1455 870 1509 autem
893 1454 1086 1532 quantopere
1106 1441 1186 1529 prod

248 1587 310 1631 esse
338 1567 457 1655 patriae
489 1566 650 1653 potuerit,
686 1564 729 1629 sic
761 1565 889 1629 demum
920 1563 1150 1652 intelligemus,
1176 1584 1188 1625 s

247 1687 317 1750 rim
329 1687 564 1774 cogitaverimus
577 1735 586 1766 ,
600 1709 694 1775 quam
706 1685 841 1750 consiliis
862 1708 935 1752 eum
958 1685 990 1748 in
1002 1697 1119 1751 ceteros
1131 1705 1199 1750 suos

247 1809 361 1878 amicos
389 1824 420 1876 et
445 1808 587 1898 aequales
602 1811 673 1888 ,in-
699 1808 802 1872 media
830 1805 992 1895 republica
1022 1817 1197 1884 versantes,

245 1931 409 1998 exseruisse
443 1931 585 2012 videtur,
622 1944 690 1996 tum
721 1931 790 1994 sine
817 1928 913 1994 dubio
942 1930 975 1992 in
1014 1925 1200 1991 Ciceronem
1250 1915 1251 1918 ¹

246 2048 380 2130 habuit,
406 2053 459 2142 qui
483 2065 633 2142 quantum
657 2051 795 2116 fructum
817 2071 851 2114 ex
885 2051 950 2138 ejus
979 2048 1146 2139 prudentia
1165 2044 1207 2112 in

246 2171 339 2238 nullis
370 2195 432 2238 non
466 2175 558 2240 rebus
594 2173 793 2262 perceperit,
829 2171 943 2261 passim
977 2171 1016 2236 de
1047 2168 1200 2236 industria

248 2292 449 2360 ostendimus.
497 2295 601 2382 Atque
621 2294 665 2358 ita
687 2293 726 2358 de
749 2295 849 2382 patria
872 2314 925 2357 sua
940 2342 950 2372 ,
982 2292 1104 2358 etiarnsi
1136 2315 1208 2357 nona¹

246 2414 314 2502 ipse
340 2413 569 2503 rempublicam
594 2401 776 2502 capessens,
803 2414 924 2480 rlrtticus
946 2437 1010 2478 uon
1030 2411 1112 2480 male
1132 2435 1208 2478 me··

246 2537 343 2603 ruisse
363 2537 532 2603 censendus
555 2550 611 2604 est.

292 2657 516 2748 Descripsimus
529 2672 597 2724 tum
608 2659 688 2724 riam
703 2703 713 2738 ,
726 2681 788 2747 qua
809 2669 962 2746 perpetuo
982 2657 1023 2722 in
1036 2655 1198 2746 republica

246 2779 435 2868 Pomponius
446 2781 594 2868 prooessit
607 2831 615 2862 ,
633 2779 891 2846 tum-institutum
913 2779 995 2844 ritae
1007 2828 1017 2857 ,
1028 2778 1113 2870 quod
1126 2799 1198 2868 per-

246 2913 342 2992 petuo
362 2897 563 2970 conservarit.
611 2902 796 2989 Exemplum
818 2923 891 2966 sane
923 2898 1069 2989 praebuit
1101 2897 1205 2963 sedati

196 3095 197 3098 Ἴ
246 3039 277 3091 et
300 3027 406 3115 ‘quieti
439 3027 557 3105 animi,
603 3029 691 3113 cujus
724 3023 859 3092 similem
887 3025 969 3089 inter
997 3035 1043 3088 tot
1072 3023 1209 3088 factiosa

248 3169 461 3236 novarumque
484 3167 597 3211 rerum
615 3145 705 3210 arida
726 3145 850 3234 ingenia
872 3145 922 3208 rix
945 3155 1011 3222 est,
1037 3143 1121 3232 quod
1145 3165 1200 3208 re-

244 3268 358 3358 perias.
405 3269 452 3333 lto
474 3268 568 3357 igitur
589 3268 716 3332 nomine
737 3265 949 3354 dignusnobis
962 3265 1061 3330 rideri
1085 3267 1207 3354 possit,

245 3409 338 3478 quem
357 3387 441 3454 haud
463 3385 581 3476 vulgari
613 3385 706 3450 laude
738 3383 953 3464 celebremus3
989 3382 1014 3448 si
1043 3405 1115 3450 vero
1143 3386 1197 3449 cui

248 3507 411 3572 consilium
428 3509 493 3595 ejus
517 3507 687 3594 dijudicare
708 3529 743 3572 ex
774 3506 921 3594 antiquae
942 3506 1092 3572 Politicae
1111 3508 1201 3598 priu-

247 3627 338 3716 cipiis
359 3628 535 3718 placuerit,
560 3628 665 3718 primo
699 3629 812 3696 obtutu
842 3629 902 3694 alia
923 3630 1050 3694 fortasse
1070 3652 1117 3695 res
1136 3655 1200 3699 esse

248 3751 417 3819 ridebitur.
466 3750 678 3842 Antiquarum
700 3751 862 3818 civitatum
884 3763 993 3818 natura
1023 3752 1091 3816 talis
1112 3766 1200 3835 erat,

248 3887 282 3938 ut
315 3894 513 3939 communem
554 3875 625 3940 illae
656 3875 940 3964 complecterentur
973 3876 1089 3941 civium
1118 3901 1198 3946 rem.

284 4046 293 4078 ¹
333 4056 418 4120 Nepos
446 4055 468 4107 l.
494 4053 517 4108 l.
548 4057 562 4118 d
591 4057 615 4107 3.
633 4058 672 4108 cf·
691 4059 724 4110 de
742 4059 870 4124 F'rcmcry
889 4057 910 4110 l.
928 4059 949 4108 l'.
968 4078 996 4125 p.
1015 4061 1050 4111 bd
1071 4078 1150 4127 sqq.,
1170 4062 1197 4110 iu

244 4149 324 4220 cujus
343 4154 421 4204 docta
441 4152 495 4203 loci
514 4155 622 4221 Nepotis
643 4157 867 4222 interpretatione
885 4159 966 4224 plana
990 4159 1200 4217 acquiescimus.
