3042 5146
775 579 837 648 ,132

291 807 300 814 -
329 757 453 836 ridebat
474 781 597 848 gravem
625 759 747 824 subesse
769 777 915 840 cansam,
941 781 1052 848 magno
1073 783 1168 848 opere
1198 785 1275 830 corr,

326 879 464 960 fidebat,
489 880 577 945 illum
608 881 675 945 foro
702 879 735 943 in
768 881 870 945 officio
899 892 931 944 et
961 883 994 946 in
1024 903 1078 946 suu
1108 894 1272 971 potestate.

322 1003 360 1066 ln
394 1001 461 1094 ipso
494 1014 599 1070 tamen
628 1000 801 1088 Pomponio
839 997 959 1064 Tullius
991 1001 1155 1066 maximam
1185 1025 1273 1092 spem

242 1129 246 1140 '
322 1121 572 1189 reconciliandae
593 1120 710 1208 gratiae
729 1120 875 1208 ponebat.
898 1118 1016 1184 Scribit
1038 1120 1271 1208 igitnrl-,mm

320 1246 439 1332 integra
472 1242 564 1307 rerba
606 1263 762 1332 apponere
794 1263 870 1330 opus
909 1256 954 1309 est
998 1268 1063 1310 -.·
1103 1246 1299 1310 «Tametsi.

313 1374 414 1461 jactat
450 1359 503 1431 ille
538 1363 666 1455 quidem
699 1362 777 1428 illud
805 1375 921 1429 tnnm¹
957 1364 1121 1430 arbitrium
1152 1377 1181 1432 et
1210 1389 1271 1447 ea,

320 1513 401 1580 qnae
418 1492 592 1578 jamtum,
628 1507 725 1574 quum
757 1484 887 1564 aderas,
922 1485 1076 1552 offendere
1106 1489 1172 1575 ejus
1201 1490 1269 1554 ani,

319 1635 407 1678 mum
429 1608 665 1698 intelligebam
690 1617 794 1670 tamen
815 1603 910 1672 habet
932 1607 1081 1694 quiddam
1104 1609 1269 1697 prolecto,

319 1735 404 1836 quod
430 1731 527 1821 magis
560 1731 592 1794 in
617 1729 722 1792 animo
755 1727 822 1813 ejus
853 1724 1021 1806 insederit,
1056 1727 1141 1816 quod
1168 1751 1270 1818 neque

319 1853 467 1947 epistolae
487 1862 558 1924 tuae
576 1869 678 1937 neque
697 1859 799 1912 nostra
822 1846 964 1935 allegatio
990 1860 1056 1912 tam
1087 1861 1200 1946 potest
1221 1851 1268 1914 fa·

319 1975 379 2041 oile
407 1972 532 2050 delere,
558 1991 652 2058 quam
674 1982 709 2034 tu
732 1991 875 2058 praesens
897 1992 960 2034 non
983 1970 1076 2035 modo
1107 1972 1268 2052 oratione,

314 2095 372 2172 sed
400 2107 455 2159 tuo
482 2090 570 2158 vultu
590 2088 644 2154 illo
676 2089 824 2153 familiari
857 2089 969 2171 tolles,
1003 2093 1030 2156 si
1063 2093 1158 2158 modo
1188 2095 1268 2160 tanti

316 2215 465 2308 putaris²
491 2213 546 2291 ld,
570 2211 674 2302 quod,
699 2213 723 2277 sl
754 2235 805 2276 me
836 2213 941 2279 audies
966 2227 997 2280 et
1027 2216 1054 2280 si
1079 2215 1267 2283 humanitati

317 2352 390 2404 tuae
423 2347 562 2402 constare
596 2333 700 2412 voles,
736 2344 820 2397 certe
851 2334 987 2423 putabis.
1012 2374 1052 2385 -
1076 2337 1266 2405 Incredibile

316 2471 379 2539 ast,
404 2469 520 2547 quanto
541 2454 621 2521 milri
641 2453 782 2519 rideatur
811 2451 893 2520 illius
920 2454 1060 2521 voluntas
1081 2457 1265 2525 obstinatior-

316 2592 348 2644 et
369 2580 402 2644 in
425 2578 484 2644 hac
503 2577 664 2643 iracundia
693 2577 912 2645 obfirmatior:
941 2577 993 2644 sed
1027 2576 1105 2646 haec
1136 2593 1189 2645 aut
1218 2607 1266 2647 sa÷

313 2703 471 2768 nubuntur
497 2720 595 2789 quum
628 2698 766 2782 veneris,
791 2709 844 2764 aut
865 2697 895 2766 ei
918 2695 1046 2769 molesta
1079 2713 1193 2781 munt,
1231 2701 1264 2775 io

314 2836 385 2886 ntro
403 2820 497 2916 eulpa
513 2819 573 2887 erit
586 2845 606 2884 >r
624 2825 653 2891 ³,

349 3035 358 3068 ¹
399 3037 442 3092 bic
466 3053 531 3088 cum
561 3036 695 3100 Graerlo,
729 3036 869 3090 Schnetaio
898 3038 1019 3105 aliisque
1043 3039 1189 3104 legendum
1212 3059 1264 3108 pm

309 3155 394 3186 soom:
419 3152 507 3199 nam,
524 3142 558 3188 rut
574 3136 734 3190 observari-t
752 3144 824 3190 recte
843 3138 1027 3203 Mongaltius,
1046 3141 1145 3192 mirari
1163 3143 1261 3206 subit,

308 3235 445 3304 quomodo
464 3235 611 3314 buccejae,
630 3237 654 3294 si
672 3237 730 3306 ipsa
746 3235 843 3295 fuisset
862 3239 989 3305 arbiter,
1009 3239 1142 3308 potuisset
1152 3239 1203 3296 boc
1214 3258 1263 3293 auo

308 3338 426 3388 arbitrio
445 3335 559 3387 offendi.

344 3430 355 3463 ²
395 3437 506 3501 Propter
525 3435 651 3503 proxima
670 3435 763 3488 futura
783 3439 875 3501 tolles,
896 3437 1001 3503 audies,
1022 3438 1086 3492 rell.
1113 3439 1202 3505 legam
1223 3443 1262 3492 aio

306 3550 357 3603 pro
383 3531 494 3598 vulgato
522 3533 634 3604 patalis,
662 3535 737 3601 quod
764 3553 796 3586 ex
817 3536 939 3602 sequenti
956 3553 1103 3604 perperam
1122 3547 1259 3592 mutatum

306 3651 365 3685 erae
393 3632 517 3686 ridetur.
565 3634 717 3688 lactationem
743 3635 836 3704 putarit
860 3637 1001 3692 confirmat
1020 3637 1101 3692 codex
1122 3637 1236 3696 Balliol.
1247 3675 1259 3704 ,

307 3741 373 3785 toste
391 3737 514 3790 Manutio
533 3737 594 3790 Ver.
612 3738 692 3790 Lacu.
712 3739 746 3788 ad
765 3737 797 3792 h.
815 3738 837 3790 l.

344 3831 355 3865 ³
393 3837 454 3890 nih.
481 3836 506 3890 l.
534 3839 582 3905 llp.
610 3842 653 3891 ll.
678 3841 694 3906 ς
717 3839 743 3895 l.
780 3835 874 3890 Cetera
891 3839 970 3908 loca,
989 3859 1060 3910 quae
1077 3842 1157 3896 litam
1177 3841 1257 3897 ittam

305 3941 445 4000 spactant,
474 3945 537 3994 aurit
561 3937 609 4012 Rp·
638 3937 698 4016 ὅ.)
724 3937 758 4006 53
785 3939 833 4012 up.
851 3943 880 3998 8,
901 3942 916 4006 5
936 3947 970 4010 13
992 3945 1041 4010 Ep.
1058 3948 1100 3998 10.
1119 3945 1132 4013 §
1151 3945 1184 4014 25
1204 3943 1260 4010 ΕΡ,

307 4031 351 4098 14.
368 4034 384 4100 d
403 4037 430 4090 7·
