<?xml version="1.0" encoding="UTF-8"?>
<!DOCTYPE html PUBLIC "-//W3C//DTD XHTML 1.0 Transitional//EN"
    "http://www.w3.org/TR/xhtml1/DTD/xhtml1-transitional.dtd">
<html xmlns="http://www.w3.org/1999/xhtml" xml:lang="en" lang="en">
 <head>
  <title>
</title>
<meta http-equiv="Content-Type" content="text/html;charset=utf-8" />
  <meta name='ocr-system' content='tesseract 3.04.00' />
  <meta name='ocr-capabilities' content='ocr_page ocr_carea ocr_par ocr_line ocrx_word'/>
</head>
<body>
  <div class='ocr_page' id='page_1' title='image "./diatribeintpomp00hullgoog_0228.png"; bbox 0 0 3042 5140; ppageno 0'>
   <div class='ocr_carea' id='block_1_1' title="bbox 654 645 717 708">
    <p class='ocr_par' dir='ltr' id='par_1_1' title="bbox 654 645 717 708">
     <span class='ocr_line' id='line_1_1' title="bbox 654 645 717 708; baseline 0.016 -3"><span class='ocrx_word' id='word_1_1' title='bbox 654 645 717 708; x_wconf 86' lang='lat'><strong>207</strong></span> 
     </span>
    </p>
   </div>
   <div class='ocr_carea' id='block_1_2' title="bbox 206 823 1163 1014">
    <p class='ocr_par' dir='ltr' id='par_1_2' title="bbox 206 823 1163 1014">
     <span class='ocr_line' id='line_1_2' title="bbox 206 823 1162 916; baseline 0 -26"><span class='ocrx_word' id='word_1_2' title='bbox 206 825 298 916; x_wconf 78' lang='lat' dir='ltr'><strong>quale</strong></span> <span class='ocrx_word' id='word_1_3' title='bbox 330 824 390 888; x_wconf 85' lang='lat' dir='ltr'><strong>init</strong></span> <span class='ocrx_word' id='word_1_4' title='bbox 411 823 472 888; x_wconf 83' lang='lat' dir='ltr'><strong>iliis</strong></span> <span class='ocrx_word' id='word_1_5' title='bbox 495 824 588 888; x_wconf 91' lang='lat' dir='ltr'><strong>trium</strong></span> <span class='ocrx_word' id='word_1_6' title='bbox 611 824 769 911; x_wconf 79' lang='lat' dir='ltr'><strong>(urorum)</strong></span> <span class='ocrx_word' id='word_1_7' title='bbox 800 823 893 900; x_wconf 86' lang='lat' dir='ltr'><strong>riris,</strong></span> <span class='ocrx_word' id='word_1_8' title='bbox 919 845 1015 912; x_wconf 87' lang='lat' dir='ltr'><strong>quum</strong></span> <span class='ocrx_word' id='word_1_9' title='bbox 1037 825 1162 890; x_wconf 82' lang='lat' dir='ltr'><strong>dicendi</strong></span> 
     </span>
     <span class='ocr_line' id='line_1_3' title="bbox 206 944 1163 1014; baseline -0.001 -3"><span class='ocrx_word' id='word_1_10' title='bbox 206 949 333 1012; x_wconf 81' lang='lat' dir='ltr'><strong>libertus</strong></span> <span class='ocrx_word' id='word_1_11' title='bbox 372 944 511 1010; x_wconf 89' lang='lat' dir='ltr'><strong>noudum</strong></span> <span class='ocrx_word' id='word_1_12' title='bbox 555 944 653 1009; x_wconf 88' lang='lat' dir='ltr'><strong>omnis</strong></span> <span class='ocrx_word' id='word_1_13' title='bbox 693 956 759 1010; x_wconf 77' lang='lat' dir='ltr'><strong>eret</strong></span> <span class='ocrx_word' id='word_1_14' title='bbox 792 945 923 1010; x_wconf 82' lang='lat' dir='ltr'><strong>subluto.</strong></span> <span class='ocrx_word' id='word_1_15' title='bbox 973 946 1085 1014; x_wconf 81' lang='lat' dir='ltr'><strong>Facete</strong></span> <span class='ocrx_word' id='word_1_16' title='bbox 1120 948 1163 1010; x_wconf 81' lang='lat' dir='ltr'><strong>itu</strong></span> 
     </span>
    </p>
   </div>
   <div class='ocr_carea' id='block_1_3' title="bbox 207 1063 1162 1156">
    <p class='ocr_par' dir='ltr' id='par_1_3' title="bbox 207 1063 1162 1156">
     <span class='ocr_line' id='line_1_4' title="bbox 207 1063 1162 1156; baseline 0.004 -25"><span class='ocrx_word' id='word_1_17' title='bbox 207 1081 326 1134; x_wconf 77' lang='lat' dir='ltr'><strong>notasse</strong></span> <span class='ocrx_word' id='word_1_18' title='bbox 354 1063 517 1130; x_wconf 76' lang='lat' dir='ltr'><strong>Gaesarem</strong></span> <span class='ocrx_word' id='word_1_19' title='bbox 546 1075 640 1154; x_wconf 84' lang='lat' dir='ltr'><strong>utque</strong></span> <span class='ocrx_word' id='word_1_20' title='bbox 669 1065 855 1156; x_wconf 73' lang='lat' dir='ltr'><strong>Pompeium</strong></span> <span class='ocrx_word' id='word_1_21' title='bbox 879 1064 982 1129; x_wconf 85' lang='lat' dir='ltr'><strong>Tullio</strong></span> <span class='ocrx_word' id='word_1_22' title='bbox 1006 1067 1086 1130; x_wconf 83' lang='lat' dir='ltr'><strong>risus</strong></span> <span class='ocrx_word' id='word_1_23' title='bbox 1106 1083 1162 1136; x_wconf 84' lang='lat' dir='ltr'><strong>est.</strong></span> 
     </span>
    </p>
   </div>
   <div class='ocr_carea' id='block_1_4' title="bbox 138 1186 1254 1514">
    <p class='ocr_par' dir='ltr' id='par_1_4' title="bbox 138 1186 1254 1514">
     <span class='ocr_line' id='line_1_5' title="bbox 209 1186 644 1258; baseline -0.016 -2"><span class='ocrx_word' id='word_1_24' title='bbox 209 1188 301 1258; x_wconf 86' lang='lat' dir='ltr'><strong>Cous.</strong></span> <span class='ocrx_word' id='word_1_25' title='bbox 326 1187 474 1255; x_wconf 80' lang='lat' dir='ltr'><strong>Schuetz.</strong></span> <span class='ocrx_word' id='word_1_26' title='bbox 499 1191 537 1254; x_wconf 79' lang='lat' dir='ltr'><strong>ed</strong></span> <span class='ocrx_word' id='word_1_27' title='bbox 562 1186 596 1254; x_wconf 92' lang='lat' dir='ltr'><strong>h.</strong></span> <span class='ocrx_word' id='word_1_28' title='bbox 622 1187 644 1257; x_wconf 86' lang='lat' dir='ltr'><strong>i.</strong></span> 
     </span>
     <span class='ocr_line' id='line_1_6' title="bbox 138 1303 1165 1393; baseline -0.001 -20"><span class='ocrx_word' id='word_1_29' title='bbox 138 1319 142 1325; x_wconf 87' lang='grc'><em>“</em></span> <span class='ocrx_word' id='word_1_30' title='bbox 252 1310 289 1378; x_wconf 87' lang='lat' dir='ltr'><strong>L.</strong></span> <span class='ocrx_word' id='word_1_31' title='bbox 318 1307 520 1392; x_wconf 79' lang='grc' dir='ltr'><strong>Ἀδόλεσχος.</strong></span> <span class='ocrx_word' id='word_1_32' title='bbox 573 1306 603 1392; x_wconf 88' lang='lat'><strong>[§</strong></span> <span class='ocrx_word' id='word_1_33' title='bbox 629 1304 675 1390; x_wconf 87' lang='lat'><strong>2.]</strong></span> <span class='ocrx_word' id='word_1_34' title='bbox 703 1303 742 1370; x_wconf 92' lang='lat' dir='ltr'><strong>Se</strong></span> <span class='ocrx_word' id='word_1_35' title='bbox 766 1303 883 1382; x_wconf 79' lang='lat' dir='ltr'><strong>reteri,</strong></span> <span class='ocrx_word' id='word_1_36' title='bbox 908 1305 1051 1393; x_wconf 85' lang='lat' dir='ltr'><strong>plurimis</strong></span> <span class='ocrx_word' id='word_1_37' title='bbox 1072 1310 1165 1372; x_wconf 88' lang='lat' dir='ltr'><strong>rebus</strong></span> 
     </span>
     <span class='ocr_line' id='line_1_7' title="bbox 207 1413 1254 1514; baseline -0.002 -20"><span class='ocrx_word' id='word_1_38' title='bbox 207 1428 410 1504; x_wconf 79' lang='lat' dir='ltr'><strong>enumeratis,</strong></span> <span class='ocrx_word' id='word_1_39' title='bbox 447 1426 568 1491; x_wconf 77' lang='lat' dir='ltr'><strong>Atticus</strong></span> <span class='ocrx_word' id='word_1_40' title='bbox 602 1425 743 1502; x_wconf 81' lang='lat' dir='ltr'><strong>dixerat,</strong></span> <span class='ocrx_word' id='word_1_41' title='bbox 769 1446 807 1487; x_wconf 89' lang='lat' dir='ltr'><strong>ne</strong></span> <span class='ocrx_word' id='word_1_42' title='bbox 836 1447 852 1486; x_wconf 82' lang='lat' dir='ltr'>a</span> <span class='ocrx_word' id='word_1_43' title='bbox 886 1421 1037 1490; x_wconf 79' lang='lat' dir='ltr'><strong>Cicerone</strong></span> <span class='ocrx_word' id='word_1_44' title='bbox 1057 1449 1165 1514; x_wconf 74' lang='lat' dir='ltr'><strong>garru-</strong></span> <span class='ocrx_word' id='word_1_45' title='bbox 1242 1413 1254 1428; x_wconf 30' lang='grc' dir='ltr'><strong>Λ</strong></span> 
     </span>
    </p>
   </div>
   <div class='ocr_carea' id='block_1_5' title="bbox 183 1550 1164 4160">
    <p class='ocr_par' dir='ltr' id='par_1_5' title="bbox 206 1550 535 1616">
     <span class='ocr_line' id='line_1_8' title="bbox 206 1550 535 1616; baseline 0.009 -4"><span class='ocrx_word' id='word_1_46' title='bbox 206 1550 301 1616; x_wconf 81' lang='lat' dir='ltr'><strong>litatis</strong></span> <span class='ocrx_word' id='word_1_47' title='bbox 326 1560 535 1615; x_wconf 71' lang='lat' dir='ltr'><strong>recusaretur.</strong></span> 
     </span>
    </p>

    <p class='ocr_par' dir='ltr' id='par_1_6' title="bbox 194 1667 1164 2362">
     <span class='ocr_line' id='line_1_9' title="bbox 249 1667 1163 1758; baseline -0.013 -22"><span class='ocrx_word' id='word_1_48' title='bbox 249 1671 302 1737; x_wconf 88' lang='lat' dir='ltr'><strong>Li.</strong></span> <span class='ocrx_word' id='word_1_49' title='bbox 329 1667 614 1758; x_wconf 79' lang='lat' dir='ltr'><strong>Iodigrriroimnm</strong></span> <span class='ocrx_word' id='word_1_50' title='bbox 638 1676 688 1729; x_wconf 81' lang='lat' dir='ltr'><strong>est</strong></span> <span class='ocrx_word' id='word_1_51' title='bbox 709 1667 792 1728; x_wconf 79' lang='grc' dir='ltr'><strong><em>Ιιααα</em></strong></span> <span class='ocrx_word' id='word_1_52' title='bbox 820 1667 941 1728; x_wconf 79' lang='lat' dir='ltr'><strong>vivere.</strong></span> <span class='ocrx_word' id='word_1_53' title='bbox 967 1699 1012 1716; x_wconf 86' lang='lat'><strong>·-</strong></span> <span class='ocrx_word' id='word_1_54' title='bbox 1034 1669 1163 1735; x_wconf 77' lang='lat' dir='ltr'><strong>Eodem</strong></span> 
     </span>
     <span class='ocr_line' id='line_1_10' title="bbox 194 1783 1161 1880; baseline -0.01 -23"><span class='ocrx_word' id='word_1_55' title='bbox 194 1795 280 1880; x_wconf 80' lang='lat' dir='ltr'><strong>jure</strong></span> <span class='ocrx_word' id='word_1_56' title='bbox 289 1841 298 1871; x_wconf 95' lang='lat'><strong>,</strong></span> <span class='ocrx_word' id='word_1_57' title='bbox 307 1813 369 1878; x_wconf 79' lang='lat' dir='ltr'><strong>quo</strong></span> <span class='ocrx_word' id='word_1_58' title='bbox 381 1791 569 1858; x_wconf 80' lang='lat' dir='ltr'><strong>Rubriano.</strong></span> <span class='ocrx_word' id='word_1_59' title='bbox 587 1786 621 1874; x_wconf 90' lang='lat' dir='ltr'><strong>[i.</strong></span> <span class='ocrx_word' id='word_1_60' title='bbox 635 1787 672 1872; x_wconf 88' lang='lat' dir='ltr'><strong>l.]</strong></span> <span class='ocrx_word' id='word_1_61' title='bbox 689 1788 867 1873; x_wconf 84' lang='lat' dir='ltr'><strong>Utrumque</strong></span> <span class='ocrx_word' id='word_1_62' title='bbox 879 1783 1056 1874; x_wconf 77' lang='lat' dir='ltr'><strong>emendntio</strong></span> <span class='ocrx_word' id='word_1_63' title='bbox 1069 1789 1161 1853; x_wconf 85' lang='lat' dir='ltr'><strong>estin</strong></span> 
     </span>
     <span class='ocr_line' id='line_1_11' title="bbox 205 1874 1161 1990; baseline -0.005 -11"><span class='ocrx_word' id='word_1_64' title='bbox 205 1913 274 1982; x_wconf 65' lang='lat' dir='ltr'><strong>cte.</strong></span> <span class='ocrx_word' id='word_1_65' title='bbox 297 1912 395 1979; x_wconf 76' lang='lat' dir='ltr'><strong>Pru.</strong></span> <span class='ocrx_word' id='word_1_66' title='bbox 420 1911 463 1978; x_wconf 92' lang='lat' dir='ltr'><strong>u.</strong></span> <span class='ocrx_word' id='word_1_67' title='bbox 489 1933 519 1980; x_wconf 59' lang='grc' dir='ltr'><strong>ο.</strong></span> <span class='ocrx_word' id='word_1_68' title='bbox 545 1915 613 1990; x_wconf 80' lang='lat' dir='ltr'><strong>or,</strong></span> <span class='ocrx_word' id='word_1_69' title='bbox 636 1929 667 1977; x_wconf 69' lang='lat' dir='ltr'><strong>e.</strong></span> <span class='ocrx_word' id='word_1_70' title='bbox 695 1910 748 1973; x_wconf 76' lang='lat' dir='ltr'><strong>ro.</strong></span> <span class='ocrx_word' id='word_1_71' title='bbox 773 1905 862 1971; x_wconf 71' lang='lat' dir='ltr'><strong>nnus</strong></span> <span class='ocrx_word' id='word_1_72' title='bbox 884 1874 1067 1972; x_wconf 69' lang='lat' dir='ltr'><strong>mutinum</strong></span> <span class='ocrx_word' id='word_1_73' title='bbox 1087 1931 1161 1974; x_wconf 72' lang='lat' dir='ltr'><strong>cen.</strong></span> 
     </span>
     <span class='ocr_line' id='line_1_12' title="bbox 203 2025 1163 2122; baseline -0.016 -23"><span class='ocrx_word' id='word_1_74' title='bbox 203 2047 304 2100; x_wconf 78' lang='lat' dir='ltr'><strong>suerat</strong></span> <span class='ocrx_word' id='word_1_75' title='bbox 324 2055 382 2122; x_wconf 87' lang='lat' dir='ltr'><strong>pro</strong></span> <span class='ocrx_word' id='word_1_76' title='bbox 402 2033 483 2119; x_wconf 79' lang='lat' dir='ltr'><strong>quid</strong></span> <span class='ocrx_word' id='word_1_77' title='bbox 512 2025 720 2120; x_wconf 76' lang='lat' dir='ltr'><strong>indignius?</strong></span> <span class='ocrx_word' id='word_1_78' title='bbox 751 2026 903 2117; x_wconf 82' lang='lat' dir='ltr'><strong>posterius</strong></span> <span class='ocrx_word' id='word_1_79' title='bbox 923 2051 980 2116; x_wconf 91' lang='lat' dir='ltr'><strong>pro</strong></span> <span class='ocrx_word' id='word_1_80' title='bbox 1002 2053 1061 2115; x_wconf 82' lang='grc' dir='ltr'><strong>Ραο</strong></span> <span class='ocrx_word' id='word_1_81' title='bbox 1083 2030 1163 2097; x_wconf 69' lang='lat' dir='ltr'><strong>Sm&#39;..</strong></span> 
     </span>
     <span class='ocr_line' id='line_1_13' title="bbox 194 2147 1164 2245; baseline -0.003 -25"><span class='ocrx_word' id='word_1_82' title='bbox 194 2161 329 2245; x_wconf 74' lang='lat' dir='ltr'><strong>pionir.</strong></span> <span class='ocrx_word' id='word_1_83' title='bbox 364 2153 446 2219; x_wconf 88' lang='lat' dir='ltr'><strong>Illud</strong></span> <span class='ocrx_word' id='word_1_84' title='bbox 469 2152 563 2240; x_wconf 74' lang='lat' dir='ltr'><strong>igitur</strong></span> <span class='ocrx_word' id='word_1_85' title='bbox 588 2150 620 2214; x_wconf 92' lang='lat' dir='ltr'><strong>in</strong></span> <span class='ocrx_word' id='word_1_86' title='bbox 646 2147 747 2215; x_wconf 84' lang='lat' dir='ltr'><strong>Codd.</strong></span> <span class='ocrx_word' id='word_1_87' title='bbox 773 2168 835 2211; x_wconf 91' lang='lat' dir='ltr'><strong>non</strong></span> <span class='ocrx_word' id='word_1_88' title='bbox 859 2159 1014 2213; x_wconf 76' lang='lat' dir='ltr'><strong>mutatum</strong></span> <span class='ocrx_word' id='word_1_89' title='bbox 1040 2149 1072 2214; x_wconf 92' lang='lat' dir='ltr'><strong>in</strong></span> <span class='ocrx_word' id='word_1_90' title='bbox 1098 2164 1164 2217; x_wconf 82' lang='lat' dir='ltr'><strong>ter.-</strong></span> 
     </span>
     <span class='ocr_line' id='line_1_14' title="bbox 203 2267 849 2362; baseline -0.011 -23"><span class='ocrx_word' id='word_1_91' title='bbox 203 2289 270 2340; x_wconf 88' lang='lat' dir='ltr'><strong>tnm</strong></span> <span class='ocrx_word' id='word_1_92' title='bbox 295 2273 415 2362; x_wconf 80' lang='lat' dir='ltr'><strong>recepit</strong></span> <span class='ocrx_word' id='word_1_93' title='bbox 439 2269 623 2339; x_wconf 81' lang='lat' dir='ltr'><strong>Schuetzius</strong></span> <span class='ocrx_word' id='word_1_94' title='bbox 647 2268 735 2337; x_wconf 80' lang='lat' dir='ltr'><strong>Orat.</strong></span> <span class='ocrx_word' id='word_1_95' title='bbox 761 2267 849 2338; x_wconf 84' lang='lat' dir='ltr'><strong>laud.</strong></span> 
     </span>
    </p>

    <p class='ocr_par' dir='ltr' id='par_1_7' title="bbox 183 2390 1163 3332">
     <span class='ocr_line' id='line_1_15' title="bbox 250 2390 1162 2478; baseline -0.008 -18"><span class='ocrx_word' id='word_1_96' title='bbox 250 2395 321 2461; x_wconf 85' lang='lat' dir='ltr'><strong>Lil.</strong></span> <span class='ocrx_word' id='word_1_97' title='bbox 343 2397 419 2478; x_wconf 83' lang='grc' dir='ltr'><strong>Παῤ</strong></span> <span class='ocrx_word' id='word_1_98' title='bbox 438 2395 607 2475; x_wconf 72' lang='grc' dir='ltr'><strong><em>ἠνεμόεντα</em></strong></span> <span class='ocrx_word' id='word_1_99' title='bbox 629 2390 810 2469; x_wconf 80' lang='grc' dir='ltr'><strong><em>Μίμαντα,</em></strong></span> <span class='ocrx_word' id='word_1_100' title='bbox 832 2393 941 2466; x_wconf 60' lang='lat' dir='ltr'><strong>Nino,r</strong></span> <span class='ocrx_word' id='word_1_101' title='bbox 964 2392 1016 2454; x_wconf 78' lang='lat' dir='ltr'><strong>im</strong></span> <span class='ocrx_word' id='word_1_102' title='bbox 1029 2395 1162 2477; x_wconf 78' lang='grc' dir='ltr'><em>Ψυρίης,</em></span> 
     </span>
     <span class='ocr_line' id='line_1_16' title="bbox 203 2509 1163 2608; baseline -0.016 -22"><span class='ocrx_word' id='word_1_103' title='bbox 203 2521 352 2608; x_wconf 76' lang='lat' dir='ltr'><strong>Appiam</strong></span> <span class='ocrx_word' id='word_1_104' title='bbox 375 2512 715 2598; x_wconf 62' lang='lat' dir='ltr'><strong>in’dprorid&#39;i&#39;xorror.</strong></span> <span class='ocrx_word' id='word_1_105' title='bbox 760 2509 834 2596; x_wconf 98' lang='grc' dir='ltr'><strong>[ΕΡ.</strong></span> <span class='ocrx_word' id='word_1_106' title='bbox 864 2513 946 2574; x_wconf 80' lang='lat' dir='ltr'><strong>13a.</strong></span> <span class='ocrx_word' id='word_1_107' title='bbox 972 2517 989 2596; x_wconf 83' lang='lat'>§</span> <span class='ocrx_word' id='word_1_108' title='bbox 1016 2511 1061 2595; x_wconf 83' lang='grc'><strong>2.]</strong></span> <span class='ocrx_word' id='word_1_109' title='bbox 1114 2512 1163 2578; x_wconf 89' lang='lat' dir='ltr'><strong>Ob</strong></span> 
     </span>
     <span class='ocr_line' id='line_1_17' title="bbox 203 2628 1158 2722; baseline -0.003 -19"><span class='ocrx_word' id='word_1_110' title='bbox 203 2639 307 2704; x_wconf 86' lang='lat' dir='ltr'><strong>oeulos</strong></span> <span class='ocrx_word' id='word_1_111' title='bbox 323 2633 511 2722; x_wconf 86' lang='lat' dir='ltr'><strong>Pomponius</strong></span> <span class='ocrx_word' id='word_1_112' title='bbox 524 2630 602 2697; x_wconf 80' lang='lat' dir='ltr'><strong>hoec</strong></span> <span class='ocrx_word' id='word_1_113' title='bbox 626 2629 763 2696; x_wconf 76' lang='lat' dir='ltr'><strong>scribens</strong></span> <span class='ocrx_word' id='word_1_114' title='bbox 777 2628 888 2693; x_wconf 81' lang='lat' dir='ltr'><strong>habuit</strong></span> <span class='ocrx_word' id='word_1_115' title='bbox 900 2630 1029 2695; x_wconf 87' lang='lat' dir='ltr'><strong>Homeri</strong></span> <span class='ocrx_word' id='word_1_116' title='bbox 1040 2634 1158 2718; x_wconf 74' lang='lat' dir='ltr'><strong>odyss.</strong></span> 
     </span>
     <span class='ocr_line' id='line_1_18' title="bbox 203 2750 1162 2843; baseline -0.006 -19"><span class='ocrx_word' id='word_1_117' title='bbox 203 2759 274 2826; x_wconf 87' lang='lat' dir='ltr'><strong>Lib.</strong></span> <span class='ocrx_word' id='word_1_118' title='bbox 299 2756 360 2822; x_wconf 84' lang='grc' dir='ltr'><strong>ΙΙΙ.</strong></span> <span class='ocrx_word' id='word_1_119' title='bbox 388 2777 431 2820; x_wconf 82' lang='lat' dir='ltr'><strong>rs.</strong></span> <span class='ocrx_word' id='word_1_120' title='bbox 459 2755 519 2819; x_wconf 83' lang='lat'><strong>171</strong></span> <span class='ocrx_word' id='word_1_121' title='bbox 543 2777 614 2840; x_wconf 90' lang='lat' dir='ltr'><strong>sq.;</strong></span> <span class='ocrx_word' id='word_1_122' title='bbox 641 2750 755 2839; x_wconf 88' lang='lat' dir='ltr'><strong>quibus</strong></span> <span class='ocrx_word' id='word_1_123' title='bbox 779 2750 877 2816; x_wconf 77' lang='lat' dir='ltr'><strong>noluit</strong></span> <span class='ocrx_word' id='word_1_124' title='bbox 895 2750 1058 2833; x_wconf 82' lang='lat' dir='ltr'><strong>indicare,</strong></span> <span class='ocrx_word' id='word_1_125' title='bbox 1083 2775 1162 2843; x_wconf 82' lang='lat' dir='ltr'><strong>quae</strong></span> 
     </span>
     <span class='ocr_line' id='line_1_19' title="bbox 204 2868 1161 2958; baseline -0.011 -14"><span class='ocrx_word' id='word_1_126' title='bbox 204 2877 347 2946; x_wconf 81' lang='lat' dir='ltr'><strong>Ciceroni</strong></span> <span class='ocrx_word' id='word_1_127' title='bbox 383 2875 517 2939; x_wconf 82' lang='lat' dir='ltr'><strong>Romam</strong></span> <span class='ocrx_word' id='word_1_128' title='bbox 549 2870 697 2936; x_wconf 84' lang='lat' dir='ltr'><strong>redeunti</strong></span> <span class='ocrx_word' id='word_1_129' title='bbox 729 2869 778 2934; x_wconf 84' lang='lat' dir='ltr'><strong>rin</strong></span> <span class='ocrx_word' id='word_1_130' title='bbox 798 2868 939 2958; x_wconf 78' lang='lat' dir='ltr'><strong>eligendo</strong></span> <span class='ocrx_word' id='word_1_131' title='bbox 959 2884 1047 2940; x_wconf 88' lang='lat' dir='ltr'><strong>esset.</strong></span> <span class='ocrx_word' id='word_1_132' title='bbox 1084 2873 1161 2941; x_wconf 78' lang='lat' dir='ltr'><strong>Mi-</strong></span> 
     </span>
     <span class='ocr_line' id='line_1_20' title="bbox 183 2994 1162 3088; baseline -0.003 -23"><span class='ocrx_word' id='word_1_133' title='bbox 183 3011 342 3064; x_wconf 79' lang='lat' dir='ltr'><strong>&#39;mantem</strong></span> <span class='ocrx_word' id='word_1_134' title='bbox 363 3009 468 3062; x_wconf 82' lang='lat' dir='ltr'><strong>nutem</strong></span> <span class='ocrx_word' id='word_1_135' title='bbox 493 2994 718 3084; x_wconf 78' lang='lat' dir='ltr'><strong>Apenninum,</strong></span> <span class='ocrx_word' id='word_1_136' title='bbox 743 2994 907 3080; x_wconf 80' lang='lat' dir='ltr'><strong>Psyriam</strong></span> <span class='ocrx_word' id='word_1_137' title='bbox 931 2995 1085 3084; x_wconf 73' lang='lat' dir='ltr'><strong>Arpinum</strong></span> <span class='ocrx_word' id='word_1_138' title='bbox 1102 3022 1162 3088; x_wconf 81' lang='lat' dir='ltr'><strong>ep·</strong></span> 
     </span>
     <span class='ocr_line' id='line_1_21' title="bbox 201 3114 1162 3210; baseline -0.007 -22"><span class='ocrx_word' id='word_1_139' title='bbox 201 3122 332 3210; x_wconf 78' lang='lat' dir='ltr'><strong>pellani,</strong></span> <span class='ocrx_word' id='word_1_140' title='bbox 366 3119 486 3184; x_wconf 90' lang='lat' dir='ltr'><strong>dudum</strong></span> <span class='ocrx_word' id='word_1_141' title='bbox 517 3116 718 3182; x_wconf 79' lang='lat' dir='ltr'><strong>observarunt</strong></span> <span class='ocrx_word' id='word_1_142' title='bbox 751 3114 949 3200; x_wconf 77' lang='lat' dir='ltr'><strong>interpretes.</strong></span> <span class='ocrx_word' id='word_1_143' title='bbox 988 3114 1045 3180; x_wconf 78' lang='lat' dir='ltr'><strong>Off.</strong></span> <span class='ocrx_word' id='word_1_144' title='bbox 1083 3141 1162 3204; x_wconf 81' lang='lat' dir='ltr'><strong>quoe</strong></span> 
     </span>
     <span class='ocr_line' id='line_1_22' title="bbox 203 3245 470 3332; baseline -0.011 -24"><span class='ocrx_word' id='word_1_145' title='bbox 203 3245 335 3308; x_wconf 83' lang='lat' dir='ltr'><strong>diximus</strong></span> <span class='ocrx_word' id='word_1_146' title='bbox 358 3267 391 3332; x_wconf 92' lang='lat' dir='ltr'><strong>p.</strong></span> <span class='ocrx_word' id='word_1_147' title='bbox 414 3246 470 3306; x_wconf 88' lang='lat'><strong>93.</strong></span> 
     </span>
    </p>

    <p class='ocr_par' dir='ltr' id='par_1_8' title="bbox 202 3351 1161 3692">
     <span class='ocr_line' id='line_1_23' title="bbox 246 3351 1161 3452; baseline -0.014 -21"><span class='ocrx_word' id='word_1_148' title='bbox 246 3366 339 3452; x_wconf 61' lang='lat' dir='ltr'><strong>Lttt,</strong></span> <span class='ocrx_word' id='word_1_149' title='bbox 358 3362 581 3429; x_wconf 72' lang='lat' dir='ltr'><strong>pedetentim.</strong></span> <span class='ocrx_word' id='word_1_150' title='bbox 633 3357 707 3446; x_wconf 89' lang='grc' dir='ltr'><strong>[ΕΡ.</strong></span> <span class='ocrx_word' id='word_1_151' title='bbox 742 3361 760 3442; x_wconf 82' lang='lat'>§</span> <span class='ocrx_word' id='word_1_152' title='bbox 794 3353 841 3438; x_wconf 84' lang='lat'><strong>2.]</strong></span> <span class='ocrx_word' id='word_1_153' title='bbox 879 3351 1063 3418; x_wconf 77' lang='lat' dir='ltr'><strong>Exhortatns</strong></span> <span class='ocrx_word' id='word_1_154' title='bbox 1087 3355 1161 3420; x_wconf 87' lang='lat' dir='ltr'><strong>Tul-</strong></span> 
     </span>
     <span class='ocr_line' id='line_1_24' title="bbox 204 3473 1160 3561; baseline -0.013 -9"><span class='ocrx_word' id='word_1_155' title='bbox 204 3489 280 3551; x_wconf 90' lang='lat' dir='ltr'><strong>lium</strong></span> <span class='ocrx_word' id='word_1_156' title='bbox 316 3485 438 3561; x_wconf 81' lang='lat' dir='ltr'><strong>fuerat,</strong></span> <span class='ocrx_word' id='word_1_157' title='bbox 465 3492 499 3545; x_wconf 94' lang='lat' dir='ltr'><strong>ut</strong></span> <span class='ocrx_word' id='word_1_158' title='bbox 527 3501 590 3544; x_wconf 90' lang='lat' dir='ltr'><strong>non</strong></span> <span class='ocrx_word' id='word_1_159' title='bbox 610 3476 812 3552; x_wconf 78' lang='lat' dir='ltr'><strong>festinanter,</strong></span> <span class='ocrx_word' id='word_1_160' title='bbox 839 3473 891 3538; x_wconf 92' lang='lat' dir='ltr'><strong>sed</strong></span> <span class='ocrx_word' id='word_1_161' title='bbox 910 3474 1021 3544; x_wconf 86' lang='lat' dir='ltr'><strong>sensim</strong></span> <span class='ocrx_word' id='word_1_162' title='bbox 1053 3487 1160 3540; x_wconf 79' lang='lat' dir='ltr'><strong>contra</strong></span> 
     </span>
     <span class='ocr_line' id='line_1_25' title="bbox 202 3600 697 3692; baseline -0.014 -19"><span class='ocrx_word' id='word_1_163' title='bbox 202 3606 371 3674; x_wconf 74' lang='lat' dir='ltr'><strong>Antonium</strong></span> <span class='ocrx_word' id='word_1_164' title='bbox 393 3623 483 3692; x_wconf 77' lang='lat' dir='ltr'><strong>agere</strong></span> <span class='ocrx_word' id='word_1_165' title='bbox 507 3600 697 3666; x_wconf 85' lang='lat' dir='ltr'><strong>institueret.</strong></span> 
     </span>
    </p>

    <p class='ocr_par' dir='ltr' id='par_1_9' title="bbox 200 3696 1162 4160">
     <span class='ocr_line' id='line_1_26' title="bbox 245 3696 1162 3811; baseline -0.011 -19"><span class='ocrx_word' id='word_1_166' title='bbox 245 3729 329 3796; x_wconf 82' lang='lat' dir='ltr'><strong>Ltv.</strong></span> <span class='ocrx_word' id='word_1_167' title='bbox 378 3725 580 3811; x_wconf 75' lang='lat' dir='ltr'><strong>ernmquam</strong></span> <span class='ocrx_word' id='word_1_168' title='bbox 620 3721 706 3782; x_wconf 83' lang='lat' dir='ltr'><strong>enim</strong></span> <span class='ocrx_word' id='word_1_169' title='bbox 741 3723 866 3806; x_wconf 81' lang='lat' dir='ltr'><strong>postea</strong></span> <span class='ocrx_word' id='word_1_170' title='bbox 897 3723 935 3781; x_wconf 81' lang='lat' dir='ltr'><strong>in</strong></span> <span class='ocrx_word' id='word_1_171' title='bbox 960 3696 1162 3806; x_wconf 75' lang='lat' dir='ltr'><strong>proesentia</strong></span> 
     </span>
     <span class='ocr_line' id='line_1_27' title="bbox 200 3815 1160 3936; baseline -0.007 -25"><span class='ocrx_word' id='word_1_172' title='bbox 200 3849 280 3912; x_wconf 81' lang='lat' dir='ltr'><strong>belle</strong></span> <span class='ocrx_word' id='word_1_173' title='bbox 301 3852 367 3913; x_wconf 83' lang='lat' dir='ltr'><strong>iste</strong></span> <span class='ocrx_word' id='word_1_174' title='bbox 381 3868 470 3936; x_wconf 79' lang='lat' dir='ltr'><strong>puer</strong></span> <span class='ocrx_word' id='word_1_175' title='bbox 498 3841 650 3908; x_wconf 75' lang='lat' dir='ltr'><strong>retundit</strong></span> <span class='ocrx_word' id='word_1_176' title='bbox 668 3839 875 3919; x_wconf 82' lang='lat' dir='ltr'><strong>Antonium,</strong></span> <span class='ocrx_word' id='word_1_177' title='bbox 899 3815 1007 3902; x_wconf 76' lang='lat' dir='ltr'><strong>tamon</strong></span> <span class='ocrx_word' id='word_1_178' title='bbox 1034 3844 1160 3904; x_wconf 74' lang='lat' dir='ltr'><strong>enz&#39;tnm</strong></span> 
     </span>
     <span class='ocr_line' id='line_1_28' title="bbox 201 3957 1160 4061; baseline -0.017 -25"><span class='ocrx_word' id='word_1_179' title='bbox 201 3979 394 4061; x_wconf 69' lang='lat' dir='ltr'><strong>exspectare</strong></span> <span class='ocrx_word' id='word_1_180' title='bbox 427 3966 586 4031; x_wconf 82' lang='lat' dir='ltr'><strong>debemus.</strong></span> <span class='ocrx_word' id='word_1_181' title='bbox 637 3961 713 4050; x_wconf 91' lang='grc' dir='ltr'><strong>[ΕΡ.</strong></span> <span class='ocrx_word' id='word_1_182' title='bbox 751 3965 804 4028; x_wconf 85' lang='grc'><strong>15.</strong></span> <span class='ocrx_word' id='word_1_183' title='bbox 839 3963 857 4044; x_wconf 83' lang='lat'>§</span> <span class='ocrx_word' id='word_1_184' title='bbox 884 3959 931 4046; x_wconf 87' lang='lat'><strong>3.]</strong></span> <span class='ocrx_word' id='word_1_185' title='bbox 958 3957 1053 4025; x_wconf 83' lang='lat' dir='ltr'><strong>Puer·</strong></span> <span class='ocrx_word' id='word_1_186' title='bbox 1080 3959 1160 4024; x_wconf 90' lang='lat' dir='ltr'><strong>dici·</strong></span> 
     </span>
     <span class='ocr_line' id='line_1_29' title="bbox 202 4079 1159 4160; baseline -0.016 -4"><span class='ocrx_word' id='word_1_187' title='bbox 202 4105 252 4156; x_wconf 87' lang='lat' dir='ltr'><strong>tur</strong></span> <span class='ocrx_word' id='word_1_188' title='bbox 271 4090 469 4158; x_wconf 77' lang='lat' dir='ltr'><strong>Octavianus.</strong></span> <span class='ocrx_word' id='word_1_189' title='bbox 518 4085 619 4152; x_wconf 87' lang='lat' dir='ltr'><strong>Locus</strong></span> <span class='ocrx_word' id='word_1_190' title='bbox 643 4095 767 4160; x_wconf 81' lang='lat' dir='ltr'><strong>autem,</strong></span> <span class='ocrx_word' id='word_1_191' title='bbox 797 4092 831 4146; x_wconf 92' lang='lat' dir='ltr'><strong>nt</strong></span> <span class='ocrx_word' id='word_1_192' title='bbox 854 4079 997 4159; x_wconf 84' lang='lat' dir='ltr'><strong>ridetur,</strong></span> <span class='ocrx_word' id='word_1_193' title='bbox 1023 4091 1066 4144; x_wconf 90' lang='lat' dir='ltr'><strong>est</strong></span> <span class='ocrx_word' id='word_1_194' title='bbox 1090 4101 1159 4146; x_wconf 86' lang='lat' dir='ltr'><strong>cor·</strong></span> 
     </span>
    </p>
   </div>
   <div class='ocr_carea' id='block_1_6' title="bbox 0 0 1526 5140">
    <p class='ocr_par' dir='ltr' id='par_1_10' title="bbox 0 0 1526 5140">
     <span class='ocr_line' id='line_1_30' title="bbox 0 0 1526 5140; baseline 0 0"><span class='ocrx_word' id='word_1_195' title='bbox 0 0 1526 5140; x_wconf 95' lang='lat' dir='ltr'><strong> </strong></span> 
     </span>
    </p>
   </div>
  </div>
 </body>
</html>
