2970 5144
781 627 824 688 30

318 809 459 897 quireret
491 819 522 870 et
554 803 793 883 conditionem,
826 804 941 892 quanti
963 803 1012 868 rel
1040 807 1176 894 optimus
1205 807 1278 876 ciris

320 923 537 1004 Atheniensis,
557 925 612 1015 qui
634 925 725 990 variis
742 925 921 991 nominibus
941 925 1079 1015 ipsorum
1093 927 1184 994 saluti
1205 955 1281 997 oon-

319 1048 454 1126 suleret,
477 1047 532 1135 qui
544 1045 580 1110 ei
590 1058 668 1112 esset
679 1043 875 1112 humanitate
894 1068 930 1110 eo
952 1047 1102 1134 gravitate
1115 1098 1125 1127 ,
1140 1062 1175 1114 ut
1194 1073 1281 1115 com-

320 1171 423 1236 munis
451 1167 570 1233 infimis
584 1181 600 1245 ,’
623 1189 680 1256 par
703 1164 899 1255 principibus
923 1165 1082 1233 videretur
1102 1188 1112 1248 3
1131 1181 1177 1234 tot
1208 1184 1282 1237 tau·

319 1302 486 1377 torumque
526 1287 751 1352 beneficiorum
791 1285 996 1353 admiratione
1031 1289 1138 1355 cuncti
1171 1313 1278 1380 reapse

319 1409 506 1476 tenebantur
525 1430 583 1472 neo
602 1419 747 1495 poterant
769 1429 833 1470 non
857 1418 944 1495 grato
973 1421 1101 1496 pectore
1127 1411 1280 1481 recolere.

320 1531 404 1616 Quid
424 1530 547 1619 igitur?
572 1529 707 1608 Omnes,
728 1551 806 1619 quos
823 1540 992 1617 poterant,
1016 1527 1150 1596 honores
1172 1531 1277 1598 Attico

320 1653 519 1732 habuerunt,
554 1652 712 1716 civitatem
747 1648 956 1728 obtulerunt,
999 1660 1115 1715 statuas
1149 1651 1277 1739 publice

321 1773 525 1840 decreverunt
540 1775 569 1840 ¹.
614 1755 699 1855 Quae
739 1791 810 1833 sane
834 1791 953 1834 summa
975 1769 1089 1836 amoris
1111 1779 1205 1860 atque
1226 1795 1278 1837 ae-

321 1893 508 1960 stimationis
521 1894 608 1957 fuere
618 1889 749 1957 indicia.
772 1889 817 1954 Ut
827 1888 911 1952 enirn
924 1901 1043 1954 statuae
1056 1889 1186 1978 gloriam
1200 1893 1274 1957 mit-

320 2029 405 2091 tam,
424 2013 595 2077 marimum
615 2011 647 2073 in
667 2009 804 2098 antiquis
827 2011 970 2097 gentibus
989 2010 1119 2076 ductum
1141 2013 1274 2078 civitatis

319 2135 471 2201 honorem
503 2133 597 2198 fuisse
627 2129 809 2220 ingentique
838 2131 940 2196 studio
972 2131 1037 2194 fere
1075 2133 1270 2220 expetitum,

320 2257 406 2322 testis
427 2256 516 2319 nobis
537 2253 687 2318 fidissima
710 2267 754 2318 est
777 2253 914 2340 ipsarum
943 2251 1084 2339 gentium
1108 2251 1271 2321 historia².

319 2376 518 2439 Reoosserant
547 2386 629 2439 certe
658 2373 793 2438 multum
825 2397 860 2438 ea
892 2387 993 2439 aetate
1023 2397 1039 2438 a
1065 2375 1196 2463 pristino
1227 2377 1273 2440 ri·

317 2516 390 2584 gore
422 2507 452 2559 et
482 2494 579 2582 gloria
608 2493 766 2572 Athenae,
797 2517 860 2557 non
892 2494 976 2558 idem
1006 2508 1071 2560 erat
1092 2497 1193 2576 adeo,
1216 2457 1273 2587 q⁷ui

318 2627 430 2694 antea,
475 2615 608 2680 civitatis
646 2613 802 2694 honos³;
843 2614 896 2679 sed
935 2613 1032 2681 honos
1073 2615 1188 2683 mansit
1218 2631 1270 2699 et,

317 2737 542 2826 qualiscunque
576 2736 700 2801 tandem
732 2735 785 2800 hie
809 2734 893 2813 fuit,
923 2735 1002 2823 grati
1032 2733 1270 2801 Atheniensium

317 2881 390 2946 erga
412 2859 553 2923 Atticum
573 2857 669 2921 animi
683 2854 962 2920 luculentissimum
985 2865 1029 2920 est
1043 2855 1270 2924 testimonium.

317 2977 359 3042 At
378 3000 451 3043 vero
473 2978 594 3044 Atticus
614 2989 761 3042 neutrum
780 2975 923 3062 accipere
939 2973 1051 3043 voluit.
1083 2975 1197 3042 Parum
1217 2975 1271 3041 de·

317 3097 490 3161 leotabatur
509 3099 585 3162 ranei
607 3110 726 3162 statuae
741 3093 882 3182 giorioli.
907 3093 1130 3184 Suae'petriae
1159 3111 1270 3162 aman-

317 3217 377 3280 tior
408 3229 473 3282 erat
501 3239 596 3305 quum
627 3228 662 3281 ut
691 3238 763 3280 oum
797 3215 893 3282 altera
916 3239 986 3281 eum
1017 3213 1268 3286 commutaret⁴.

317 3338 494 3404 Benefaotis
523 3339 585 3404 suis
609 3359 670 3401 non
702 3335 921 3402 auctoritatem
953 3359 1058 3426 neque
1084 3335 1268 3433 dignitatern

355 3478 364 3510 ¹
403 3492 488 3556 uepos
507 3509 531 3540 c.
552 3487 608 3541 ιιι.
629 3487 643 3555 p·
663 3490 688 3538 1.

351 3577 362 3611 ²
401 3586 566 3640 Vid.hucde
574 3585 648 3637 reCl.
661 3583 770 3636 Heusdii
778 3585 866 3636 Πίσον.
876 3588 902 3636 in
915 3587 1025 3638 civitates
1034 3589 1110 3656 antiq.
1119 3586 1198 3654 p.51.
1206 3603 1265 3652 sqq·

354 3683 365 3716 ³
404 3686 447 3740 Cf.
465 3688 600 3738 Meursius
618 3686 721 3737 Fortun.
738 3685 817 3734 Ante.
836 3702 861 3736 c.
878 3682 912 3734 V.
931 3702 958 3750 p.
978 3686 1021 3737 36.

355 3786 366 3820 ⁴
405 3789 441 3838 Eo
460 3793 563 3854 spectat
580 3784 735 3850 glossema,
753 3785 828 3852 quod
844 3785 873 3835 in
889 3784 1000 3852 Nepotis
1018 3785 1109 3837 locum
1136 3787 1265 3856 irrepsit:

314 3888 406 3955 »Quod
424 3885 552 3943 nonnulli
578 3885 618 3935 ita
642 3885 880 3953 interpretentur,
904 3869 994 3936 amitti
1026 3886 1184 3951 civitatem,
1212 3883 1267 3938 alii

315 3997 459 4063 adscitit'';
484 3994 559 4062 quod
591 4011 618 4044 re
641 4011 708 4045 vera
731 3993 880 4044 obtinuisse
903 3989 1034 4042 discimus
1053 4009 1084 4042 ex
1108 3991 1176 4059 Qrae.
1194 3989 1266 4042 eice·

314 4101 387 4150 ronis
414 4096 550 4167 pronam
576 4115 600 4150 c.
618 4101 660 4149 11.
678 4091 721 4148 Gi.
738 4099 816 4150 Cous.
837 4096 870 4146 de
888 4095 1016 4159 Fremery
1037 4091 1057 4142 l.
1076 4093 1097 4146 1.
1114 4111 1143 4158 p.
1160 4096 1186 4145 9.
1205 4109 1267 4160 sqq.
1303 4070 1311 4084 Ι
