3042 5146
699 620 762 680 123

298 795 392 860 Plura
408 817 508 886 eaque
529 795 665 860 marimo
687 807 805 862 servata
829 797 919 862 nobis
940 797 1056 864 iudicia
1083 811 1154 864 sunt
1176 813 1206 866 et

253 944 345 1010 supra
365 921 478 1000 allata,
503 941 584 1009 quae
607 919 768 984 liberalem
790 904 893 984 Attioi
912 917 1049 986 indolem
1081 921 1206 987 abunde

252 1040 423 1108 declarent.
472 1039 577 1105 Unum
601 1037 701 1126 cogita
726 1036 932 1118 Ciceronem,
958 1040 1013 1127 qui
1045 1037 1208 1104 innumera

251 1161 316 1226 iere
340 1161 369 1224 ei
388 1160 510 1228 debuit.
561 1158 660 1224 Civile
686 1160 850 1225 recordare
885 1158 1106 1227 Caesarianum
1136 1163 1209 1228 bel—

250 1280 340 1360 lum,
364 1281 398 1344 in
419 1302 482 1369 quo
503 1302 584 1369 quae
618 1279 726 1344 amicis
753 1282 815 1346 suis
852 1303 929 1369 opus
957 1303 1020 1346 esse
1053 1283 1208 1370 putabat,

251 1399 291 1464 od
324 1401 510 1489 Pompejum
543 1400 815 1489 proficiscentibus
829 1424 841 1482 ,¹
874 1404 997 1469 Atticus
1028 1404 1134 1468 omnia
1170 1404 1209 1469 de

250 1521 312 1587 suis
344 1523 456 1610 opibus
490 1521 715 1611 suppeditavit.
763 1521 940 1588 Recordare
974 1521 1051 1586 item
1082 1524 1147 1609 ejus
1174 1523 1206 1586 in

249 1641 383 1707 Brutum
403 1653 435 1706 et
458 1642 623 1710 Serviliam
644 1642 820 1720 beneficia3
860 1663 993 1729 quorum
1023 1641 1105 1708 hanc
1138 1654 1207 1730 post

249 1765 307 1829 filii
326 1777 458 1830 mortem
479 1775 634 1853 perpetuo
653 1776 698 1828 est
722 1765 841 1840 tuitus,
867 1761 914 1825 ilii
925 1810 934 1840 ‚
960 1763 1032 1826 satis
1059 1761 1207 1842 florenti,

248 1884 403 1948 aerarium
430 1884 558 1972 quidem
579 1907 651 1950 cum
669 1885 780 1949 ceteris
796 1883 844 1949 sui
872 1883 988 1948 ordinis
1009 1883 1207 1972 principibus

247 2005 438 2070 constituere
459 2004 620 2082 noluerat,
653 2004 705 2070 sed
727 2004 797 2068 fatis
829 2003 946 2092 iniquis
967 2004 1083 2092 agitato
1101 2005 1208 2068 muni-

247 2127 306 2192 fice
328 2126 492 2192 succurrit.
541 2127 684 2214 Adjunge
704 2125 830 2190 taudem
855 2123 924 2203 his,
947 2145 1029 2213 quae
1049 2138 1118 2214 post
1137 2124 1205 2189 bel·

247 2244 311 2310 lum
335 2247 512 2312 Mutinense
534 2248 573 2310 ab
596 2247 703 2314 Attico
730 2249 763 2311 iu
785 2246 916 2312 Antonii
945 2269 1071 2312 uxorem
1084 2295 1093 2326 ,
1125 2247 1204 2312 libe-

246 2387 315 2444 ros‚
351 2364 518 2432 familiares
548 2367 660 2438 collata
703 2368 799 2434 fuisse
830 2367 1025 2436 tradidimus.
1082 2367 1206 2457 Reputo

247 2500 375 2568 tecum,
398 2511 493 2578 quarn
527 2490 664 2577 ingenue
692 2501 856 2578 quaestum
878 2509 1003 2553 omnem
1025 2507 1205 2576 aspernare·

246 2619 321 2686 tur,
346 2609 440 2674 modo
462 2629 635 2673 memorem
659 2622 845 2698 gratumque
867 2621 1101 2697 cognoscerent.
1125 2609 1204 2698 Spes

245 2750 350 2792 rerum
371 2729 657 2817 recuperandorum
678 2731 816 2795 Antonio
840 2729 927 2794 nulla
951 2743 1020 2794 turn
1055 2741 1145 2808 erat,
1169 2744 1203 2794 ut

245 2870 338 2914 nemo
357 2851 512 2938 temporis
533 2851 625 2917 causd
646 2851 787 2918 Atticum
812 2849 973 2914 liberalem
1007 2862 1108 2938 posset
1139 2873 1203 2915 sus-

244 2972 357 3060 picari.
406 2972 488 3056 Quin
511 2973 606 3036 etiam
627 2993 682 3037 suo
703 2971 842 3060 quodam
873 2970 1016 3059 periculo
1049 2968 1082 3034 id
1114 2991 1204 3057 agere

244 3092 432 3171 ridebatur,
473 3107 625 3181 erantque
656 3091 738 3156 inter
771 3113 917 3179 proceres
950 3092 1125 3170 Romanos,
1171 3092 1203 3154 io

245 3235 380 3301 quorum
409 3210 685 3301 reprehensionem
705 3222 834 3299 propter
856 3232 909 3274 sua
932 3208 1203 3274 beneficiaiucur-

242 3349 348 3416 reret,
393 3336 478 3425 quod
511 3357 625 3423 parum
657 3333 756 3398 odisse
792 3330 889 3395 malos
918 3329 999 3393 ciros
1033 3328 1201 3395 rideretur.

242 3599 309 3629 cours
327 3581 388 3642 soit
404 3582 480 3644 noir,
505 3597 532 3630 co
552 3599 588 3628 ms
606 3578 715 3640 semble,
745 3595 790 3645 que
814 3593 854 3625 ees
872 3585 947 3624 sortes
966 3571 1095 3624 d’Aaesoas
1112 3574 1204 3624 o'toicnt

241 3680 273 3728 du
292 3681 369 3729 rnoins
380 3687 439 3742 fore
454 3692 576 3750 suspector
593 3699 623 3731 en
643 3698 670 3730 co
689 3690 748 3729 tems
767 3679 794 3727 ld
804 3713 815 3742 ‚
845 3678 874 3727 od
893 3678 945 3726 l'on
964 3696 993 3726 cn
1009 3678 1106 3746 pouuoit
1120 3677 1200 3726 inicus

237 3778 312 3842 juger
327 3779 386 3846 qu’d
402 3781 502 3848 pro'sent
511 3798 522 3840 ‚·
543 3792 569 3830 ot
583 3779 720 3830 l'Autorito'
736 3779 766 3826 dc
781 3777 884 3832 Ciceros
904 3790 942 3828 cst
952 3777 1004 3828 dien
1021 3777 1115 3827 d'aurrt'
1125 3781 1205 3842 grand

237 3880 308 3946 poids
337 3898 367 3928 en
395 3893 457 3931 cette
486 3884 606 3945 moriere,
633 3901 679 3951 que
698 3881 764 3930 celle
782 3879 812 3929 de
830 3879 937 3947 Nepos»
949 3911 960 3942 ,
997 3884 1075 3930 Cesar
1089 3896 1120 3945 p.
1140 3879 1201 3929 336.

240 3977 293 4028 Sed
308 3978 432 4030 consulto
453 3981 547 4032 omisit
573 3984 724 4047 posteriora
752 3980 888 4031 Ciceronis
910 3981 1010 4045 verba,
1029 3981 1123 4046 prouti
1141 3979 1199 4048 jam

240 4082 419 4136 observatum
442 4083 524 4136 video
548 4083 576 4132 in
598 4099 689 4148 opusc.
726 4081 870 4146 Bigorrures
890 4081 1020 4133 Curr'euses
1040 4099 1069 4146 p.
1089 4081 1132 4133 50.
