3042 5140
718 625 780 692 193

263 802 405 881 Atticus,
430 803 577 891 singulari
604 826 729 893 prorsas
751 805 904 870 industria
933 827 1025 885 usas,
1060 804 1215 872 clarorum

261 924 399 988 virorum
419 923 589 1012 imagines,
618 924 674 1013 qui
693 924 792 990 libera
812 925 974 1014 republicis
1006 907 1140 992 maxime
1161 925 1214 990 ri-

262 1053 413 1130 guerant,
438 1040 531 1130 tigata
554 1042 694 1108 oratione
708 1043 752 1108 ita
784 1043 1003 1133 descripsisse3
1028 1057 1064 1110 ut
1087 1044 1216 1134 siugulis

261 1161 440 1230 nominibus
481 1185 582 1228 versus
610 1165 811 1251 subjungeret
839 1164 1062 1253 paucissimos,
1097 1165 1212 1254 quibus

263 1283 303 1347 de
322 1305 430 1348 eoram
451 1281 577 1371 ingenio
598 1284 755 1372 rebusque
775 1283 866 1374 gestis
886 1285 1055 1350 admodum
1087 1287 1216 1354 concin-

265 1424 329 1480 ne,
355 1383 413 1465 'sed
433 1401 595 1490 splendide
620 1413 725 1469 tamen
747 1405 926 1494 explicaret.
974 1407 1088 1470 Ansam
1120 1407 1150 1474 ei
1168 1407 1219 1471 'ad

265 1517 326 1584 tale
363 1541 437 1607 opus
477 1520 676 1586 scribendum
718 1523 932 1611 praebuerunt
971 1524 1098 1589 fortasse
1130 1523 1215 1590 ¹ima·

264 1640 369 1727 gines,
402 1639 516 1727 quibus
552 1663 637 1706 suam
673 1641 871 1708 Amaltheam
912 1655 943 1708 et
985 1641 1215 1710 Parthenonem

264 1769 427 1822 ornaverat
462 1759 639 1848 quibusque
669 1760 788 1838 etiam,
824 1773 859 1826 ut
880 1759 1024 1840 ridetur,
1055 1763 1214 1851 epigram-

266 1891 348 1944 mata
377 1880 645 1968 subscripserat¹.
711 1879 858 1946 Ceterum
889 1903 937 1946 res
965 1881 1058 1970 hujus
1089 1901 1216 1970 quoque

266 1999 342 2066 libri
373 2001 492 2066 incerta
526 2014 594 2080 est,
627 2015 661 2066 ut
690 2001 769 2066 adeo
789 2003 903 2066 nubem
924 2022 982 2088 pro
1004 2001 1132 2066 lunone
1150 2023 1218 2066 am-

269 2121 481 2210 plecteretur,
516 2121 572 2209 qai
594 2121 634 2187 ad
655 2121 810 2211 liquidum
833 2145 901 2187 eam
920 2121 1013 2187 vellet
1036 2121 1220 2210 perducere.

270 2244 339 2328 Quo
372 2255 513 2331 tempore
548 2243 669 2310 editum
700 2244 884 2333 opusculum
907 2243 1025 2321 fuerit,
1048 2241 1220 2331 quamdiu
1254 2245 1258 2250 ’

271 2363 444 2428 innotuerit
473 2373 543 2451 post
574 2363 669 2428 Plinii
691 2375 823 2428 aetatem
836 2408 847 2442 ,
871 2385 970 2451 aeque
1002 2362 1135 2440 dubium
1163 2375 1219 2430 est.

270 2483 363 2573 Apud
390 2482 573 2549 Ciceronem
596 2483 724 2572 quidem
744 2481 867 2548 nullum
891 2481 1051 2568 vestigium
1065 2495 1218 2571 apparet,

269 2607 352 2672 unde
371 2595 473 2694 'cer'to
501 2603 597 2692 possit
619 2603 724 2683 ellrci,
750 2601 838 2667 illum
860 2602 1026 2690 Pomponii
1044 2601 1220 2690 Imagines

258 2725 407 2814 ‘cognitas
429 2723 586 2794 habuisse.

317 2843 482 2910 Absolrere
514 2841 596 2907 hauc
634 2838 883 2930 disquisitionem
916 2838 1061 2928 nolumus
1072 2887 1082 2916 ,
1115 2849 1222 2902 antea-

269 2985 365 3051 quam
388 2961 483 3027 verbo
504 2960 638 3024 diximus
656 2960 696 3026 da
718 2961 917 3051 Epistolis,
951 2984 1027 3051 quas
1058 2959 1098 3024 ad
1131 2957 1221 3026 Cice-

271 3102 377 3144 ronem
408 3079 531 3144 Atticus
548 3078 693 3165 scripsit,
719 3100 915 3166 quarumque
942 3100 1056 3168 rnrpus
1076 3079 1157 3143 inter
1179 3089 1226 3144 tot

273 3199 393 3287 egregia
431 3196 626 3286 antiquitatis
662 3195 858 3261 monimenta
884 3193 980 3262 simul
997 3196 1125 3285 periisse
1155 3217 1222 3260 ma·

272 3338 408 3406 propere
430 3315 594 3394 dolemas;
631 3337 824 3406 quamquam
856 3315 969 3380 merito
986 3312 1057 3406 quis
1077 3303 1223 3391 dubitet,

272 3457 369 3514 num,
402 3432 669 3523 quemadmodum
700 3431 936 3512 Tullianarum,
971 3433 1032 3496 sire
1063 3430 1122 3496 hae
1151 3419 1223 3495 ante

273 3579 328 3622 sea
348 3568 417 3646 post
439 3554 536 3620 Tullii
557 3577 668 3622 necem
691 3553 794 3620 editae
821 3555 939 3620 fuerint
952 3559 989 3634 ²,
1022 3551 1066 3618 sio
1091 3554 1225 3640 Pompo-

314 3787 325 3822 1
364 3780 504 3834 Ciceronis
535 3770 669 3834 duntaxat
695 3782 843 3847 imaginem
873 3784 902 3832 in
930 3782 1074 3834 Amalthea
1110 3783 1231 3850 habuit,

274 3881 481 3948 epigrammatis
500 3891 634 3934 ornatam.
656 3883 721 3934 Vide
740 3883 796 3933 Lib.
819 3881 841 3931 l.
863 3882 897 3933 ad
912 3883 963 3933 Aa.
984 3883 1032 3948 Ep.
1054 3885 1096 3934 16.
1115 3886 1131 3950 ᾗ
1152 3887 1192 3937 15.
1228 3897 1231 3904 “
1276 3925 1280 3932 .

312 3975 323 4008 ²
364 3971 498 4034 illusimus
520 3981 697 4036 stribllVl.
719 3982 1231 4050 Ep.5.§5,quaedataostanuum
1302 4036 1304 4040 ,

275 4085 386 4136 circitor
418 4091 478 4134 ante
499 4084 659 4154 jugulatum
691 4080 870 4148 Ciceronem,
902 4081 988 4152 hujus
1009 4082 1142 4151 Epistulas
1164 4091 1229 4136 tuac

1140 4186 1231 4240 13·
