3042 5140
738 589 798 652 164

285 771 417 836 Athenis
439 772 578 836 Atticum
614 769 768 836 vacillasse
800 783 893 860 atque
924 770 956 834 in
990 793 1027 835 eo
1054 771 1168 852 luisse,
1206 786 1242 840 ut

282 891 420 979 Epicuro
452 890 662 970 valediceret,
697 903 794 980 quum
825 913 862 954 er
891 893 958 978 ejus
987 890 1119 958 hortulis
1146 917 1177 958 se
1199 897 1241 960 ah

282 1009 466 1091 Antiocho,
491 1033 584 1100 quem
609 1024 640 1075 et
662 1012 847 1076 familiarem
869 1024 899 1078 et
928 1013 1108 1102 magistrum
1141 1014 1241 1081 habe-

281 1136 358 1212 bat,
382 1158 482 1224 paene
509 1134 642 1199 convelli
670 1134 846 1224 deducique
867 1135 900 1198 in
932 1135 1132 1200 Academiam
1160 1159 1240 1224 per-

281 1255 425 1342 pauculis
442 1255 582 1343 passibus
604 1267 765 1344 pateretur
780 1258 807 1324 ¹.
855 1257 948 1351 llaud
965 1257 1120 1344 vulgarem
1142 1259 1240 1346 igitur

279 1375 540 1441 Academicorum
560 1373 778 1465 philosophiae
808 1398 936 1464 operam
967 1399 1077 1442 narare
1104 1379 1237 1460 debuit;

282 1497 314 1562 id
335 1489 417 1586 quod
438 1511 598 1586 praeterea
620 1499 746 1563 aliunde
767 1503 931 1564 constat·².
980 1495 1142 1563 Accedunt
1165 1499 1238 1568 alia.

283 1615 457 1683 Socraticos
479 1639 540 1682 nou
566 1631 686 1686 tantum
720 1643 781 1684 non
807 1621 1014 1708 contempsit,
1048 1620 1101 1686 sed
1130 1643 1240 1688 (aarum

285 1738 361 1803 item
381 1741 496 1827 scripta
517 1762 588 1805 cum
610 1739 733 1827 judicio
755 1739 899 1805 attendit.
952 1739 1033 1822 Quid
1055 1737 1113 1804 hac
1144 1741 1183 1805 de
1205 1765 1240 1806 re

284 1862 366 1950 apud
410 1860 593 1926 Ciceronem
622 1861 870 1938 animadvertat,
907 1859 1077 1925 audiamus.
1138 1861 1241 1949 «Ego

288 1984 420 2048 ironiam
443 1984 527 2048 illam
541 2009 585 2063 n,
611 1983 713 2070 iuquit
727 1953 744 2063 ,ι
760 2007 780 2044 r<
794 2003 888 2070 quam
910 1981 943 2043 in
975 1979 1100 2046 Socrate
1131 1980 1241 2045 dicunt

285 2106 377 2169 luisse
391 2156 401 2185 ‚
426 2128 487 2195 qua
511 2105 563 2170 ille
582 2105 613 2166 in
645 2103 782 2167 Platonis
817 2114 848 2165 et
872 2097 1088 2188 Xenophontis
1117 2112 1148 2164 et
1177 2099 1240 2164 Ae-

271 2217 401 2289 'suhinis
436 2225 524 2288 libris
564 2224 684 2301 utitur,
717 2224 849 2289 facetam
882 2234 912 2286 et
945 2221 1118 2310 elegantem
1149 2233 1238 2308 puto.

287 2348 340 2410 Est
362 2349 496 2413 enimet
520 2347 649 2412 minime
661 2348 761 2436 inepti
771 2346 908 2411 hominis
929 2357 962 2409 et
981 2346 1119 2434 ejusdem
1139 2346 1236 2410 etiam

286 2467 399 2544 faceti,
433 2489 506 2531 cum
540 2468 578 2531 de
608 2468 760 2556 sapientia
794 2467 1014 2556 disceptatur,
1056 2466 1137 2532 hanc
1178 2470 1239 2535 sibi

287 2588 391 2676 ipsum
410 2586 594 2668 detrahere,
632 2589 674 2653 eis
709 2588 847 2653 tribuere
870 2588 1071 2668 illudentem,
1095 2587 1152 2675 qui
1171 2609 1239 2652 cam

283 2708 345 2773 sihi
364 2721 527 2796 arrogant:
555 2721 590 2774 ut
608 2709 691 2797 apud
714 2709 875 2775 Platonem
898 2704 1040 2773 Socrates
1062 2709 1095 2772 in
1118 2709 1238 2772 caelum

194 2853 196 2856 ·
286 2829 374 2890 effert
404 2828 548 2892 laudibus
573 2829 793 2915 Protagoram,
840 2828 1014 2916 Hippiam,
1049 2827 1238 2909 Prodicum,

287 2948 457 3036 Gorgiam,
482 2959 621 3028 eeteros;
648 2969 679 3012 se
700 2959 805 3012 autem
829 2949 970 3014 omnium
984 2971 1089 3013 rerum
1108 2949 1238 3014 inscium

286 3069 375 3156 fingit
394 3080 425 3133 et
445 3067 568 3135 rudem.
617 3069 715 3135 Decet
736 3069 797 3135 hoc
820 3051 924 3135 nescio
944 3072 1102 3160 quomodo
1125 3071 1236 3138 illum:

286 3215 345 3258 nec
358 3190 518 3281 Epicuro,
541 3191 638 3280 quiid
659 3190 861 3280 reprehendit
876 3241 885 3271 ,
910 3194 1088 3258 assentior»
1102 3199 1131 3260 ³.
1156 3193 1239 3276 Quin

326 3374 335 3407 ¹
375 3373 435 3423 Lib.
454 3372 524 3426 l.de
543 3374 617 3438 degg.
636 3374 799 3427 c.21.t.t.

323 3469 334 3501 ²
375 3449 457 3525 Arari.
475 3469 535 3520 hib.
555 3469 577 3518 Ι,
595 3487 620 3519 c.
639 3468 653 3534 d
674 3485 715 3534 sq.

326 3565 337 3599 ³
375 3565 432 3620 Cic.
457 3569 529 3620 Brut.
555 3567 671 3620 LXXXV.
702 3574 716 3638 ᾗ
742 3573 805 3624 992.
830 3573 880 3627 Cff.
905 3577 964 3628 tib.
982 3576 1006 3627 I.
1025 3577 1054 3626 de
1075 3577 1149 3642 legg.
1171 3593 1194 3627 σ.
1212 3577 1240 3631 5.

288 3671 303 3736 d
325 3670 374 3735 153
403 3670 460 3720 tab.
480 3671 522 3723 ll.
540 3688 564 3722 c.
582 3671 609 3722 3.
627 3673 644 3739 d
662 3673 698 3734 6,
727 3674 777 3737 qui
798 3672 873 3724 locus
890 3681 1005 3741 uterque
1026 3677 1141 3742 probat,
1169 3677 1242 3724 Atti·

285 3785 349 3819 rum
367 3770 485 3822 Platonis
503 3772 605 3838 scripta
630 3787 684 3822 non
707 3775 911 3838 contempsisse.
949 3775 991 3824 Sic
1010 3791 1118 3840 quoquc
1139 3773 1195 3821 Lib.
1215 3771 1241 3822 l.

287 3873 360 3922 Tuae.
384 3871 459 3942 Βίῳ.
485 3893 511 3928 c.
539 3872 578 3924 ll.
608 3875 623 3937 ᾗ
656 3870 710 3937 ld,
740 3872 876 3924 lectitasse
896 3891 923 3923 se
938 3873 1057 3922 Platonis
1072 3870 1241 3920 Phaedonem

219 4023 221 4028 ,
287 3973 671 4038 testatur.ceterumpassim
689 3975 834 4022 exstantia
858 3969 910 4021 hoc
941 3976 1058 4035 utroque
1076 3967 1242 4031 Tuliiopare

287 4071 454 4135 sententiae,
480 4087 550 4136 quae
571 4071 599 4118 iu
622 4069 787 4134 Epicureum
808 4087 965 4133 germanum
994 4067 1065 4118 male
1096 4066 1243 4132 quadrant.
