2970 5144
670 635 712 695 36

201 812 412 900 reputaveris,
426 822 549 901 praeter
571 809 727 898 Nepotem
750 825 781 877 et
800 834 900 900 panca
919 814 1073 902 quaedam
1096 811 1151 888 ci·

200 933 319 999 neronis
342 934 431 1013 loca,
460 931 511 998 hic
534 931 602 998 illic
622 932 781 1022 dispersa,
801 933 883 1000 nihil
901 949 1040 1017 exstare,
1066 936 1150 1001 unde

199 1057 364 1144 Pomponii
393 1077 441 1121 res
471 1053 525 1119 illo
555 1053 706 1142 temporis
735 1055 836 1144 spatio
852 1068 948 1145 gestas
967 1077 1151 1146 cognoscas,

196 1177 220 1240 si
243 1177 497 1243 animadverteris
513 1199 584 1242 eum
599 1224 610 1254 ‚
628 1175 705 1240 duos
725 1189 755 1241 et
778 1176 888 1266 viginti
898 1201 994 1245 annos
1007 1178 1151 1269 peregri-

131 1387 138 1394 ·
198 1312 342 1379 nantem,
364 1300 514 1390 privatam
529 1300 595 1366 iere
615 1302 712 1369 vitain
731 1301 847 1391 degisse
869 1321 930 1366 nec
948 1299 1085 1389 publicis
1096 1320 1161 1371 nez

196 1420 286 1508 gotiis
315 1421 357 1484 ita
394 1420 588 1498 immixtam,
620 1434 655 1487 nt
687 1444 811 1510 magnas
843 1420 876 1485 in
904 1421 1030 1486 civitate
1052 1432 1154 1511 partes

197 1542 312 1625 egerit,
362 1554 429 1604 tum
471 1564 543 1606 sane
579 1544 717 1630 gaudere
758 1544 888 1624 licebit,
937 1564 1038 1633 pauca
1077 1542 1152 1622 ilia,

197 1684 278 1750 quae
299 1650 415 1751 scripto
447 1663 592 1729 mandata
620 1678 714 1746 sunt,
737 1667 809 1731 talia
829 1687 917 1744 esse,
937 1688 954 1730 e
975 1663 1089 1753 quibus
1111 1662 1150 1728 ad

195 1796 331 1849 ceteram
358 1807 484 1874 quoque
507 1785 567 1848 viri
593 1785 689 1850 vitam
717 1785 949 1871 dijudicandam
977 1784 1059 1849 clard
1080 1784 1152 1849 luce

195 1903 404 1998 effundamur.
451 1905 526 1969 dam
555 1926 627 1968 vero
659 1905 751 1970 latior
779 1905 868 1970 nobis
890 1919 1014 1992 apertus
1037 1903 1149 1970 assali-

194 2023 288 2089 cendi
308 2045 458 2113 campus,
483 2046 581 2114 quum
605 2026 643 2090 ad
665 2025 822 2116 Nepotem
851 2027 979 2094 accedat
1007 2029 1075 2094 fons
1098 2025 1151 2093 ilie

192 2166 274 2210 unus
294 2144 324 2207 in
354 2145 462 2234 paucis
481 2145 784 2234 praestantissimus,
813 2147 865 2216 M.
888 2147 998 2212 Tullii
1017 2147 1152 2216 Cicero-

192 2271 249 2332 m's
271 2267 511 2356 Epistolarnm
540 2268 624 2334 libra·
637 2317 647 2347 ,
679 2267 794 2356 quibus
825 2282 860 2334 ut
894 2268 997 2335 adhuc
1027 2271 1151 2358 parcius

193 2386 382 2453 lantum-'nii
401 2387 580 2477 potuimus,
598 2389 643 2456 ita
664 2388 779 2454 deinde
801 2389 840 2455 ad
853 2387 1033 2455 interiorem
1052 2387 1148 2454 etiam

196 2510 294 2576 duici
316 2510 483 2598 imaginem
507 2511 688 2578 intuendam
703 2513 800 2600 janua
821 2510 910 2577 nobis
931 2510 1099 2598 aperietur.
