3042 5140
704 635 770 702 ¹83

253 828 376 881 curaret
408 812 484 893 illc,
523 827 556 878 ut
585 827 616 878 et
643 814 774 880 Athenis
805 827 881 880 essct
909 828 940 881 et
965 815 996 880 in
1017 815 1127 882 ceteris
1148 840 1204 908 op·

253 937 336 1028 pidis
360 936 511 1004 Graeciae
539 938 567 1002 ¹.

299 1057 384 1122 Haec
414 1055 454 1120 de
486 1054 595 1120 studiis
625 1055 734 1123 Attici.
783 1045 852 1139 Quo
872 1055 1075 1122 neromelius
1092 1077 1206 1146 cogno-

253 1187 354 1241 scatur
387 1185 555 1264 pateatque
578 1172 776 1253 evidentius,
802 1197 895 1264 quam
918 1176 1206 1244 strenuusiilefue-

252 1297 293 1360 rit
322 1307 353 1360 et
382 1293 499 1384 peritus
525 1293 719 1383 antiquitatis
741 1293 953 1385 historiaeque
973 1308 1206 1385 perscrutator,

254 1440 332 1505 age,
369 1437 450 1505 quae
479 1429 617 1495 restant,
650 1415 847 1482 attendamus
868 1427 900 1480 et
922 1415 1103 1493 rideamus,
1129 1415 1205 1505 quid

253 1537 368 1627 scripto
389 1536 594 1602 mandaverit.

298 1657 460 1746 Temporis
484 1657 604 1721 ratione
625 1654 731 1721 habiti
743 1703 753 1734 ,
778 1653 898 1745 primus
920 1656 1100 1722 incensum
1121 1655 1205 1720 venit

193 1843 195 1846 .
251 1777 352 1855 iiber,
389 1798 482 1865 quern
507 1776 629 1841 Atticus
652 1776 770 1842 Graece
794 1770 999 1864 compositum
1021 1775 1143 1864 scripsit
1163 1773 1205 1842 de

255 1899 439 1968 consolans
466 1897 641 1965 Cicermtic
657 1902 687 1965 ².
734 1896 796 1962 Hic
817 1897 901 1962 enim
925 1894 1120 1986 aliquamdiu
1136 1907 1206 1985 post

250 2032 370 2108 gestum
394 2015 621 2097 Consulatum,
645 2013 728 2081 haud
747 2039 826 2082 novo
839 2017 1050 2082 Romanorum
1060 2035 1147 2079 more
1163 2018 1176 2057 ³
1195 2063 1205 2094 ,

141 2133 144 2138 ’
251 2144 424 2225 ἱστορικὸν,
460 2149 494 2204 ut
527 2149 639 2215 vocat,
668 2159 727 2202 nec
750 2140 991 2220 ἐγκωμιαστικὸν
1007 2147 1206 2240 commenta-

250 2261 330 2325 rium
353 2262 418 2349 cjus
441 2260 559 2326 Graece
581 2261 825 2349 conscripserat,
851 2260 891 2325 de
921 2283 984 2352 quo
1012 2259 1107 2326 modo
1126 2259 1207 2324 dixi·

248 2403 317 2444 mus
329 2430 339 2460 ,
364 2380 512 2445 Latinum
533 2380 609 2445 item
631 2379 802 2445 absolverat
823 2378 971 2468 idemque
987 2389 1205 2469 argumentum

248 2500 347 2565 tribus
367 2499 455 2565 libris
466 2511 729 2588 pertractaverat,
754 2498 873 2565 Latinis
885 2499 1021 2565 versibus
1036 2503 1064 2568 ⁴.
1111 2500 1205 2565 Prae·

248 2635 296 2686 tcr
315 2619 390 2700 aiios
413 2620 563 2709 quosdam
580 2621 639 2686 sibi
651 2621 905 2687 familiarissimos
918 2629 949 2702 ⁵,
997 2619 1116 2687 Tullius
1127 2643 1204 2710 opus

247 2873 372 2925 habitam
388 2877 561 2941 orationem,
580 2891 665 2943 quam
683 2873 891 2944 dijudicandam
909 2883 1072 2944 acceperat,
1092 2874 1204 2929 reddere
1298 2883 1300 2888 '

247 2972 340 3028 Cicero
364 2973 476 3040 noluit,
505 2983 654 3044 antequam
680 2976 765 3028 Attici
786 2974 889 3046 judicii
911 2977 1012 3028 certior
1030 2975 1117 3030 iactus
1136 2974 1206 3028 tuis-

246 3084 308 3140 su,
327 3075 389 3128 mc.
406 3072 467 3129 xv.
485 3077 534 3142 up.
553 3077 605 3130 tn.
623 3075 637 3143 ς
656 3077 682 3128 s.

249 3201 252 3208 ¹
285 3166 294 3198 ¹
334 3174 397 3228 Lib.
415 3172 456 3229 ll.
474 3177 524 3241 Ep.
544 3173 648 3242 t.§t.

283 3259 294 3286 Ζ
333 3276 419 3342 Nepos
437 3293 461 3326 c.
480 3265 573 3327 XVIII
612 3273 693 3340 §di-

284 3375 295 3409 ³
333 3373 417 3427 Vidd.
436 3374 488 3426 hac
506 3376 539 3425 dc
558 3391 587 3426 rc
605 3370 762 3437 Corradus,
774 3374 875 3435 Quaem.
886 3391 914 3439 p.
926 3369 977 3437 243
985 3407 996 3436 ,
1008 3380 1034 3422 ct
1047 3372 1205 3438 Fabricius,

190 3491 192 3494 ·
244 3476 316 3527 Bidl.
338 3471 394 3526 lat.
418 3475 493 3527 Tom.
514 3473 537 3526 Ι·
556 3474 620 3525 Lib.
641 3471 665 3524 I.
683 3491 708 3524 c·
728 3475 754 3526 8.
772 3490 803 3538 p·
819 3472 880 3525 210.

281 3563 297 3599 ⁴
333 3577 395 3632 mn.
411 3576 435 3630 1.
454 3581 504 3645 up.
522 3579 563 3630 19.
587 3577 599 3646 ς
619 3580 664 3641 ιο;
688 3577 738 3645 up.
759 3576 803 3629 so.
822 3576 837 3642 t
856 3576 884 3628 c.
903 3574 944 3627 ne
963 3574 1017 3627 hoc
1037 3573 1125 3626 rurus
1145 3591 1207 3625 car-

244 3681 318 3731 minc
336 3679 443 3745 legatur
463 3682 490 3732 J.
510 3681 544 3733 A.
564 3681 592 3731 C.
611 3695 638 3732 v.
657 3675 783 3740 Heusde‚
803 3674 861 3727 cia.
882 3675 999 3727 c'ntorct.
1018 3693 1048 3742 p.
1065 3671 1098 3737 dd
1116 3689 1161 3739 eq.

277 3772 294 3810 *⁵
334 3779 375 3829 Ad
405 3780 583 3829 scribendum
612 3775 724 3826 accessit
753 3772 893 3839 Herodes,
920 3772 1099 3840 philosophus
1122 3770 1209 3823 Athe·

244 3881 369 3945 niensis,
395 3880 428 3930 de
452 3879 535 3950 cujus
557 3878 704 3946 scriptione
726 3875 878 3927 iufaustum
901 3874 1039 3945 judicium
1059 3874 1114 3926 fert
1134 3873 1210 3924 cice—
1267 3903 1269 3908 ·

247 3999 295 4046 ro,
326 3983 386 4034 Lib.
418 3979 457 4033 tl.
486 3982 538 4047 Ep.
567 3982 597 4032 2.
626 3979 640 4048 §
668 3979 696 4031 2.
730 3975 870 4029 Invitavit
902 3992 1012 4043 quoqne
1036 3971 1209 4025 Posidonium

248 4082 409 4144 Rhodium,
432 4084 481 4148 qui
504 4091 596 4132 tamon
614 4120 622 4147 ,
642 4080 778 4132 Ciceronis
795 4079 883 4145 ipsius
904 4075 976 4129 libro
996 4077 1066 4130 lecto
1076 4114 1087 4141 ,
1107 4095 1121 4125 a
1142 4077 1211 4124 scri-
