3042 5140
741 584 803 678 isa

293 796 420 861 ctoritas
450 806 533 859 tanta
563 791 730 881 aliquando
752 792 814 856 risa
837 791 913 857 Viro
935 792 1143 858 eruditissimo
1165 795 1247 872 fuit,

294 934 328 985 ut
349 919 410 984 sibi
432 940 613 1008 persuasum
625 914 776 992 haberet,
802 915 908 981 Festos
933 913 1146 1001 Capitolinos,
1171 937 1251 1003 quo·

291 1061 361 1104 rum
383 1037 473 1125 vulgo
496 1035 642 1101 Verrium
666 1035 816 1100 Flaccum
837 1035 1031 1100 conditorem
1054 1034 1253 1110 existiment,

293 1173 363 1248 post
395 1158 488 1245 hujus
518 1157 645 1223 demum
678 1170 818 1244 tempora
850 1156 890 1221 ab
915 1156 975 1221 elio
1003 1157 1175 1245 quopiam,
1199 1155 1253 1220 scd

293 1281 385 1344 docto
408 1276 557 1343 historico
580 1301 616 1343 ex
638 1279 737 1343 truci
761 1277 897 1343 Arenali
920 1279 1078 1344 ordinatos
1095 1278 1253 1367 suissepu-

293 1399 498 1486 blioatosque.
545 1398 614 1463 Hoc
648 1420 720 1462 vcro
744 1399 938 1478 obtinuisse,
965 1400 1152 1489 Vespasiano
1172 1402 1254 1488 ejus-

294 1537 362 1610 que·
379 1517 444 1582 filio
463 1515 546 1582 Coss.
560 1567 569 1596 ,
595 1517 634 1584 d.
657 1516 697 1584 U.
726 1515 761 1583 G.
789 1521 854 1582 822
878 1519 996 1606 (823),
1020 1522 1108 1609 cujus
1139 1521 1252 1586 Fasto-

293 1661 362 1704 rum
393 1636 602 1702 renovationis
630 1637 825 1704 mentionem
858 1640 952 1704 faciat
983 1641 1107 1708 Tacitus
1131 1644 1186 1710 ¹.'
1207 1643 1253 1708 Eo

294 1773 400 1826 autem
443 1782 475 1824 se
519 1758 632 1825 adduci
667 1772 817 1839 testatur,
853 1782 952 1849 quum
984 1753 1112 1840 rideat,
1148 1761 1253 1827 Festos

294 1877 488 1969 Capitolinos
529 1878 668 1966 ejusdem
702 1879 809 1967 genii,
846 1880 964 1945 ordinis
997 1893 1028 1945 ct
1058 1881 1254 1970 antiquitatis

295 2001 383 2093 quasi
423 2021 486 2065 esse
528 2010 637 2092 atque
661 1998 821 2064 laudatum
863 1999 962 2065 Attici
994 2007 1113 2090 opus2.
1171 2002 1254 2066 Pro-

294 2211 328 2261 ad
343 2209 495 2262 divortium
511 2225 572 2259 cum
595 2208 722 2258 Terentia
745 2205 850 2258 factum
869 2206 979 2274 alioque
998 2206 1097 2257 referri
1119 2216 1253 2274 possunt,

293 2317 325 2360 ut
348 2316 425 2360 notat
448 2307 619 2358 Schuetzius.
663 2309 751 2372 Quum
775 2313 867 2357 autem
891 2307 996 2359 ibidem
1016 2326 1048 2358 ex
1069 2310 1152 2358 tantis
1173 2306 1256 2358 malis

294 2408 412 2458 salutem
429 2425 455 2458 se
472 2411 608 2474 accepisse
624 2407 709 2458 Attici
727 2406 802 2458 libro
817 2406 944 2472 referat,
962 2409 1151 2475 probabileiit
1159 2445 1169 2473 ,
1181 2412 1254 2461 circa

292 2507 366 2558 illud
387 2515 495 2575 tempus
517 2506 590 2558 hunc
612 2507 733 2558 Annalem
752 2507 786 2557 de
808 2507 892 2558 Attici
913 2509 1041 2558 manilius
1062 2509 1168 2560 exiisse.
1203 2512 1256 2559 Ne·

294 2624 348 2674 quc
376 2606 486 2656 tandem
512 2603 697 2674 rejiciendum
728 2603 779 2654 hoc
801 2612 862 2669 111,
883 2605 957 2671 quod
977 2624 991 2656 e
1009 2606 1094 2656 variis
1116 2608 1256 2672 quaestio·

293 2708 375 2758 nibus
396 2706 557 2770 historicis,
579 2705 668 2756 Attico
689 2705 855 2773 propositis,
875 2704 967 2770 prima
989 2704 1091 2767 legitur
1110 2704 1175 2754 Lib..
1192 2702 1254 2757 XII.
1308 2697 1312 2702 ’

294 2809 344 2876 Ep.
372 2807 399 2860 5.
423 2809 439 2873 d
462 2811 493 2873 3,
525 2825 595 2874 quae
624 2805 744 2872 Epistola
776 2806 877 2871 scripta
898 2813 937 2855 111
956 2805 1037 2854 initio
1055 2821 1093 2856 m.
1113 2804 1204 2870 Quint.
1222 2805 1252 2856 A.

191 2964 196 2971 Ι
293 2909 323 2961 U.
356 2906 388 2961 C·
415 2911 464 2961 708
494 2907 540 2976 (A.
569 2904 601 2958 C.
630 2904 685 2972 46).
723 2907 892 2970 Quapropter
921 2922 935 2953 a
960 2921 1025 2954 voro
1054 2921 1109 2953 non
1133 2902 1254 2954 multum

294 3005 483 3069 aberraverit,
512 3004 561 3071 qui
600 3008 726 3066 statuet,
760 3001 884 3052 Annalem
917 3004 1003 3052 Attici
1033 3003 1140 3054 editum
1170 3002 1255 3055 fuisse

296 3105 329 3156 A.
346 3102 377 3153 11.
395 3099 426 3154 C.
445 3107 492 3158 707
510 3102 559 3169 (A.
578 3099 684 3169 (kil).

333 3201 343 3233 ¹
381 3202 480 3252 Locum
499 3200 655 3265 cogitarit,
673 3200 723 3266 qui
741 3206 781 3249 est
799 3199 859 3249 Lib·
880 3199 927 3251 IV.
944 3202 1011 3252 llist.
1031 3219 1055 3252 c.
1073 3200 1126 3256 XI«.
1228 3240 1230 3244 .

331 3302 342 3334 ²
383 3301 518 3350 Sententia
547 3307 589 3351 111
612 3297 722 3363 Pighii,
748 3298 908 3349 Ann.'i¹om.
928 3298 1256 3368 1.Lib.1.p.13sq.‚

295 3400 324 3448 in
355 3415 439 3464 quam
468 3397 537 3446 abiit
566 3415 674 3464 quoque
700 3395 834 3460 Vossius,
855 3396 876 3446 l.
894 3396 915 3448 l.
934 3415 962 3463 p.
981 3399 1022 3448 16.
1058 3398 1176 3450 Recessit
1192 3418 1257 3456 vero

295 3503 329 3551 ab
346 3504 473 3567 opinione
493 3498 543 3548 illa
562 3497 709 3560 Hankius,
730 3497 760 3547 dc
781 3499 853 3549 liam.
870 3517 947 3548 rerum
966 3499 1051 3568 serapt.
1069 3498 1097 3550 P.
1117 3495 1156 3550 il.
1175 3517 1200 3549 c.
1212 3499 1259 3554 lv.

294 3617 323 3664 p.
351 3599 423 3661 203,
452 3596 523 3648 hanc
551 3597 726 3662 potissimum
746 3597 781 3646 ob
800 3614 934 3660 causam,
956 3599 1028 3664 quod
1047 3599 1075 3647 in
1098 3598 1258 3666 Capitolinis

295 3697 484 3747 marmoribus
510 3696 694 3761 fragmentum
722 3697 862 3762 quoddam
882 3696 1063 3762 inveniatur,
1081 3700 1110 3750 in
1132 3719 1187 3766 quo
1207 3718 1257 3750 an·

295 3814 346 3848 nus
366 3798 398 3848 U.
415 3795 463 3862 841
482 3796 558 3866 (841)
583 3803 687 3858 111111,
708 3796 838 3861 quodque
862 3795 928 3846 adeo
949 3799 989 3846 rei
1006 3800 1257 3850 memoriameom-

295 3898 452 3964 plectatur,
478 3901 528 3951 tto
552 3897 608 3949 iore
635 3897 714 3946 annis
729 3903 790 3962 post
803 3895 888 3946 Attici
900 3897 1007 3946 obitum
1021 3904 1123 3960 gestae.
1162 3899 1258 3948 Anim-

296 3997 440 4049 advsrtero
488 4004 579 4048 tamen
632 3994 703 4047 mihi
748 3992 850 4053 liceat,
895 4001 983 4044 cetera
1020 3997 1043 4046 si
1091 3997 1158 4047 benc
1192 4013 1257 4046 con-

297 4098 432 4159 veniunt,
462 4094 512 4146 boc
541 4095 613 4147 nihil
639 4099 746 4148 obstare
764 4093 853 4158 Pigbii
878 4097 1036 4152 sententiae.
1073 4097 1162 4148 Potuit
1184 4096 1255 4147 enim
