3042 5140
677 653 740 714 177

240 833 301 898 suis
323 831 427 921 attigit
456 827 590 910 Cicero,
615 829 714 896 httici
734 829 836 896 studio
867 843 962 919 atque
993 828 1195 919 diligentiae,

239 956 303 1020 imo
315 955 447 1042 peritiae
463 967 494 1018 et
516 953 677 1018 doctrinae
699 927 894 1041 antiquitatis
915 951 1037 1018 deberi.
1087 952 1193 1016 Histo-

174 1073 185 1078 “
240 1075 319 1138 riam
342 1085 444 1139 autem
467 1096 538 1138 cum
559 1073 747 1163 geographia
770 1073 1021 1162 conjungendam
1053 1096 1116 1138 esse
1141 1074 1196 1138 iu-

240 1195 359 1263 tellerit
377 1207 408 1259 et
431 1194 548 1259 naviter
569 1193 817 1264 hane'excoluit.
875 1198 901 1260 E
920 1197 1011 1262 variis
1036 1197 1199 1284 scriptori·

241 1317 297 1380 bus
317 1315 419 1381 arrisit
435 1315 465 1379 ei
478 1315 510 1378 in
532 1313 661 1378 historia
684 1316 817 1380 maxime
837 1315 961 1382 Siculus
993 1316 1163 1381 Timaeus1
1183 1342 1192 1396 ς

240 1435 279 1500 ad
301 1434 520 1524 geographiam
541 1436 774 1526 percipiendam
804 1439 939 1504 studiose
961 1461 1033 1504 eurn
1053 1451 1197 1506 tractasse

139 1638 143 1650 ¹
242 1557 523 1640 Dicaearchumet
550 1560 666 1647 pariter
679 1553 899 1647 familiarem
934 1560 1074 1628 habuisse
1105 1583 1195 1650 repe-

243 1678 358 1756 rimus,
384 1680 472 1766 cujus
492 1677 620 1765 politica
645 1701 768 1767 quoque
779 1680 892 1768 scripta
904 1679 987 1745 haud
999 1683 1122 1748 minore
1133 1694 1198 1748 stu·

244 1799 296 1863 dio
319 1810 363 1862 est
396 1809 578 1885 prosecutus
592 1802 622 1865 ².
670 1796 770 1863 Hasce
792 1797 953 1864 historicas
976 1801 1075 1867 Attici
1093 1802 1199 1866 laudes

245 1943 342 2008 quum
371 1919 476 2007 magni
509 1920 647 1996 faceret,
685 1919 841 2006 Augustus
873 1941 930 2007 pro
960 1943 1015 1986 suo
1035 1919 1197 1985 literarum

245 2062 370 2119 amore,
405 2042 429 2103 si
459 2061 561 2105 eoram
594 2039 848 2127 impediebatur,
882 2040 990 2104 absens
1019 2062 1075 2129 per
1097 2039 1199 2104 literas

246 2163 346 2228 colere
365 2185 437 2228 eum
465 2163 606 2241 solebat,
631 2162 724 2226 modo
755 2160 950 2249 antiquitatis
983 2159 1197 2249 quaestionem

245 2306 316 2347 cum
338 2305 375 2346 eo
397 2295 612 2368 pertractans,
637 2282 731 2346 modo
755 2281 794 2345 de
815 2283 940 2369 poetico
975 2282 1109 2372 quodam
1145 2303 1199 2346 ar-

210 2385 212 2390 ·
246 2415 394 2490 gumento
416 2405 482 2488 ejus
503 2402 689 2466 sententiam
706 2401 913 2488 1·equirens³.
964 2403 1048 2468 Hine
1071 2418 1142 2492 apte
1164 2405 1198 2468 in

245 2523 333 2587 libris
344 2524 385 2588 de
395 2524 537 2612 Legibus
546 2521 685 2618 httieum
699 2521 808 2588 Cicero
818 2523 950 2603 induxit,
963 2526 1050 2612 cujus
1061 2528 1198 2614 subper-

248 2665 321 2709 sone
344 2643 448 2708 locum
461 2643 551 2707 illurn
562 2643 749 2732 palmarium
760 2656 854 2733 atque
864 2667 1024 2711 censuram
1035 2646 1200 2711 historico·

246 2787 316 2829 rurn
341 2748 552 2830 Romanorum
575 2777 786 2853 proponeret,
810 2786 969 2855 quemque
979 2788 1011 2829 se
1022 2763 1200 2831 hortantem
1253 2802 1257 2808 ·

247 2887 362 2953 laceret
385 2887 423 2951 ad
453 2910 525 2952 suae
557 2885 676 2974 patriae
708 2884 871 2950 historiam
899 2884 1199 2954 conscribendam⁴.

246 3009 318 3094 Ipse
340 3006 438 3072 Attici
461 3007 554 3093 operti
583 3019 677 3093 atque
697 3005 819 3092 seriptis
842 3006 1070 3070 inflammatum
1093 3029 1124 3072 se
1143 3031 1199 3096 pa·

246 3129 307 3192 lam
336 3127 536 3215 praedicabat
561 3124 663 3189 studio
688 3122 856 3189 illustrium
887 3122 1052 3190 hominurn
1086 3139 1200 3191 aetates

285 3443 295 3477 1
335 3410 394 3462 Lib.
413 3400 467 3458 Vl.
486 3410 536 3474 Ep.
556 3408 613 3476 l.§
633 3411 676 3462 18.
713 3403 786 3459 Voce
809 3415 901 3458 autem
921 3411 1061 3471 familiaris
1086 3411 1115 3463 h.
1133 3413 1153 3466 l.
1173 3414 1201 3463 in

246 3525 367 3559 errorem
387 3509 533 3572 inductus,
551 3508 708 3560 Wielandus
725 3510 756 3568 in
772 3515 865 3560 annot.
881 3505 1025 3560 Timaeum
1038 3510 1200 3564 historicum

247 3617 326 3659 vocat
345 3607 468 3660 Ciceroni
487 3609 632 3677 aequalem,
651 3609 729 3659 Tem.
750 3608 807 3656 111.
828 3625 855 3672 p.
875 3609 933 3661 383.
994 3623 997 3628 ·

285 3694 295 3726 ²
336 3705 1201 3780 tib.V1.1tp.2.§3;1.it›.xt11.Ep.3r.§3.8icqu0-

245 3817 298 3869 que
329 3803 471 3870 Sophocles
498 3804 559 3874 ejus
579 3807 669 3856 amicus
687 3825 701 3856 a
721 3804 849 3857 Cicerone
868 3806 994 3872 dicitur,
1014 3811 1061 3862 Lib
1091 3810 1131 3865 11.
1151 3817 1198 3881 Ep.

205 3897 208 3904 ’
247 3908 271 3956 7-
290 3906 304 3971 §
328 3904 356 3968 4.

285 4010 296 4042 ³
334 4003 420 4068 Nepos
439 4020 463 4054 e.
481 4001 613 4073 xx.§2.

286 4093 297 4127 ⁴
336 4101 434 4150 Locum
453 4103 591 4168 significo,
611 4109 660 4172 qui
679 4114 720 4158 est
739 4105 800 4160 Lib.
818 4101 845 4162 l.
862 4105 892 4156 de
914 4107 984 4175 legg.
1001 4129 1024 4159 c·
1045 4113 1060 4162 2
1078 4119 1103 4161 ct
1123 4114 1147 4164 3.

1063 4214 1101 4269 12
