2970 5144
687 621 722 681 ll

220 826 382 882 neremus,
405 802 429 867 si
454 814 484 866 et
507 801 603 890 ipsius
626 806 737 868 Attici
757 802 806 864 ad
829 801 1017 868 Ciceronem
1041 804 1173 893 scriptae

219 926 341 990 literae
359 922 544 988 ad'nostram
565 934 698 988 aetatem
715 925 938 1011 pervenissent.
965 925 1054 1010 Quod
1065 931 1172 1015 'quum

219 1066 307 1114 secus
332 1045 506 1124 acciderit,
528 1044 744 1133 gravissimum
760 1044 910 1110 danrnum
930 1045 1106 1134 putandum
1130 1059 1175 1112 est

122 1223 127 1232 .
221 1169 253 1232 in
275 1166 441 1254 Pomponii
464 1166 525 1232 rita
547 1165 745 1254 exploranda.
787 1164 1003 1232 Nihilominus
1023 1167 1056 1232 id
1078 1167 1175 1256 largi-

219 1303 267 1354 ter
286 1289 459 1355 resarciunt
489 1288 550 1357 alio
579 1289 709 1354 nomiae
733 1287 892 1352 Tullianae
918 1287 1089 1376 epistolae,
1111 1309 1174 1376 quo
1273 1363 1274 1368 γ

218 1433 405 1500 magnopere
423 1432 529 1474 earum
552 1409 738 1497 praestantia
758 1409 907 1474 cernitur.
935 1407 1064 1474 Scilicet
1086 1409 1173 1498 eapi-

220 1545 251 1596 tn
281 1531 353 1596 illae
383 1525 570 1619 plerumque
601 1531 764 1596 continent
794 1551 925 1607 eorum,
961 1551 1041 1618 quae
1076 1529 1174 1596 atrici

220 1652 317 1717 literis
335 1663 479 1716 contenta
498 1651 642 1728 fueruat,
665 1649 750 1714 unde
771 1649 861 1714 nohis
882 1648 1064 1714 interiorem
1081 1646 1174 1736 hujus

217 1783 359 1836 mentem
381 1793 472 1858 saepe
492 1771 608 1834 intueri
640 1771 726 1838 lieet.
773 1773 826 1836 Est
858 1773 944 1837 enim
972 1771 1172 1858 epistolarum

216 1891 296 1958 haee
322 1891 451 1979 propria
486 1904 517 1955 et
545 1891 611 1956 lere
646 1891 807 1980 singularis
837 1891 941 1969 ratio,
969 1903 1004 1956 ut
1031 1891 1173 1958 redditae

214 2025 416 2102 acceptarum
447 2033 511 2076 non
543 2011 636 2098 plene
658 2010 810 2098 quidem,
833 2015 885 2076 sed
913 2011 1092 2078 summatim
1121 2025 1174 2076 te·

213 2155 288 2198 men
310 2143 530 2220 argumentum
555 2131 823 2221 complementum
849 2134 938 2220 cujus
957 2136 1004 2198 rei
1028 2155 1118 2200 eausa
1138 2137 1171 2198 in

213 2266 324 2345 aperto
353 2266 410 2320 est.
459 2252 677 2341 Respondetur
709 2253 799 2320 nobis
825 2252 862 2317 ad
888 2275 945 2323 ea.
977 2277 1058 2344 quae
1086 2257 1171 2343 prius

213 2374 263 2438 vel
291 2374 464 2460 rogavimus
489 2373 538 2438 vel
556 2385 639 2440 certe
660 2367 924 2454 memoravimus}
949 2388 980 2441 et
1001 2377 1044 2440 ita
1061 2391 1170 2465 sponte

215 2493 418 2559 summarium
438 2494 553 2560 exsistit
574 2496 724 2583 cujusque
747 2494 880 2560 traditae
909 2496 965 2562 rei.
1010 2497 1054 2562 lla
1076 2498 1171 2586 igitur

214 2615 336 2680 ratione
358 2637 430 2680 eum
453 2615 583 2703 Nepotis
605 2615 712 2679 libello
731 2616 888 2680 aestimari
912 2616 1008 2682 Tullii
1020 2619 1058 2684 ad
1076 2619 1170 2684 Pom-

213 2737 347 2825 ponium
387 2737 544 2825 Epistulae
573 2736 641 2803 fons
672 2736 787 2800 merito
813 2749 941 2825 possunt
972 2738 1170 2817 uberrimus,

212 2857 296 2923 unde
317 2869 441 2945 praeter
459 2857 519 2922 alia
540 2879 575 2922 ea
593 2855 739 2935 haurias,
763 2880 845 2945 quae
864 2881 927 2922 uon
948 2859 1045 2925 Tullii
1068 2861 1167 2926 solum

211 2977 494 3068 splendidissimam
541 2977 710 3066 imaginem
754 2995 1010 3068 repraesentent,
1061 3004 1168 3048 rerum

211 3097 307 3166 etiam
341 3098 380 3163 ed
412 3100 512 3165 Attici
541 3101 622 3166 facta
651 3113 682 3165 et
714 3101 842 3168 consilia
870 3102 1044 3192 indaganda
1072 3105 1169 3170 maai-

148 3297 152 3310 ,
209 3245 296 3288 mum
323 3221 445 3308 pondus
463 3221 612 3288 habeant.

256 3341 395 3430 Reliqua
417 3338 577 3406 Ciceronis
596 3342 731 3431 scripta,
754 3364 834 3431 quae
862 3343 1001 3408 fontibus
1016 3344 1168 3410 adnume-

210 3465 308 3530 randa
340 3475 435 3543 suat,
469 3466 502 3527 in
535 3465 593 3529 tria
626 3485 744 3552 genera·
769 3479 898 3554 possunt
928 3464 1095 3554 distingui:
1135 3468 1167 3532 in

210 3585 325 3676 quibus
346 3586 409 3652 sire
429 3608 534 3652 coram
555 3586 622 3652 aliis
643 3586 744 3652 obiter
765 3586 805 3650 de
833 3587 940 3652 alttieo
973 3586 1166 3651 mentionem

209 3709 309 3787 facit,
341 3709 404 3774 sire
435 3709 578 3776 Atticum
613 3709 715 3796 ipsum
755 3705 948 3795 alloquitur,
982 3728 1035 3770 seu
1076 3707 1166 3772 deni-

211 3851 272 3916 que
309 3851 383 3893 eum
414 3829 593 3918 loquentem
628 3828 761 3897 inducit.
807 3828 906 3892 Primi
946 3830 1076 3928 generig¹
1096 3840 1167 3892 sunt
1236 3843 1240 3852 '

210 3950 397 4037 Epistulae
420 3951 571 4040 quaedam
589 3999 598 4028 ,
618 3950 731 4039 partim
755 3947 1045 4014 commendatitiae
1068 3949 1164 4012 Attici

209 4070 309 4158 gratia
342 4071 475 4160 scriptae
489 4105 499 4150 ,κ
525 4071 638 4160 purtim
665 4072 712 4136 ad
739 4070 777 4156 Q.
803 4070 965 4138 Fratrem
985 4082 1015 4132 et
1038 4068 1087 4134 ad
1103 4068 1168 4132 nt-
