3042 5146
706 577 749 638 99

247 775 362 843 quem,
377 755 461 843 turpi
480 755 600 820 incuria
617 754 746 820 ductum
759 753 966 833 ,existimaret
978 753 1195 820 'l'ulliinecem

248 876 401 965 impedire
425 877 507 966 apud
521 875 694 941 Antonium
716 875 883 964 neglexisse
897 878 924 942 ¹.
974 873 1058 939 llaec
1081 872 1197 962 igitur,

246 997 270 1060 si
303 1020 362 1085 qua
401 1021 562 1085 possumus
604 998 747 1080 ratione,
789 997 966 1065 accuratius
1007 997 1096 1062 nobis
1127 1009 1199 1061 sunt

245 1115 469 1205 investiganda.

289 1237 432 1303 Primum
453 1238 539 1305 locus
560 1239 704 1306 landatur
724 1263 760 1304 ex
788 1239 926 1330 Epistola
948 1239 1084 1328 quadam
1106 1236 1198 1304 Cice·

242 1356 326 1420 ronis
345 1358 385 1423 ad
407 1358 600 1446 Luccejum,
624 1361 818 1450 temporibus
836 1361 970 1426 maxime
993 1361 1128 1449 angustis
1139 1407 1149 1440 ,
1162 1372 1199 1426 ut

243 1492 331 1568 putat
350 1492 458 1546 auctor
475 1505 669 1567 anonymus,
694 1482 775 1548 dati.
825 1483 870 1547 Eo
889 1481 968 1547 haec
987 1480 1082 1546 Tullii
1103 1480 1197 1544 rerba

243 1599 462 1667 continentur:
500 1600 624 1667 «Illius
644 1603 722 1666 tanti
745 1602 915 1668 vulneris»
939 1601 1106 1690 (significat
1129 1623 1198 1666 ere·

241 1732 327 1809 ptam
355 1722 415 1788 sibi
435 1723 582 1808 Tulliam)
617 1745 731 1813 «quae
751 1725 890 1790 remedia
923 1747 986 1790 esse
1018 1724 1199 1804 debebant,

241 1864 277 1906 ea
302 1842 385 1906 nulla
407 1858 490 1912 sunt.
516 1844 598 1927 Quid
619 1845 733 1909 enirn?
759 1844 797 1908 ad
819 1845 975 1911 amicosne
986 1835 1194 1933 confugiam?

241 1985 335 2052 quam
357 1963 449 2029 multi
471 1966 571 2040 sunt?
596 1964 771 2030 Habuimus
795 1965 878 2029 enim
899 1965 965 2030 fere
993 1985 1195 2029 communes:

240 2103 374 2170 quorum
395 2081 449 2148 alii
472 2084 678 2165 occiderunt,
703 2085 778 2166 alii,
797 2086 901 2151 nescio
920 2109 982 2175 quo
1001 2097 1094 2174 pacto
1105 2133 1115 2162 ‚
1139 2085 1197 2150 ob·

240 2199 444 2272 duruerunt»
461 2209 489 2272 ².
537 2205 594 2270 llis
617 2206 834 2294 amicisquum
854 2207 900 2272 rir
921 2207 1029 2292 doctps
1040 2207 1195 2273 adscribat

240 2327 406 2407 Atticum,
429 2329 461 2391 in
482 2351 519 2394 eo
542 2327 627 2394 hunc
651 2329 784 2394 crimine
806 2329 936 2417 dignum
958 2329 1089 2407 scribit,
1110 2329 1195 2417 quod
1293 2365 1302 2374 -

240 2443 273 2510 in
294 2449 405 2535 magnai
424 2450 523 2536 eique
541 2447 612 2512 satis
631 2444 792 2513 inhonesti
814 2469 887 2514 cum
908 2448 1046 2515 Antonio
1064 2449 1195 2536 conjun-

238 2566 344 2633 ctione
366 2567 515 2633 continuo
535 2583 604 2656 post
625 2568 752 2633 caedem
778 2565 937 2634 Ciceronis
958 2568 1090 2647 riserit,
1116 2568 1194 2634 adeo

239 2699 274 2754 ut
293 2686 448 2755 Antonius
469 2687 563 2754 etiam
588 2687 726 2755 Atticam
749 2688 907 2778 Agrippae
930 2711 1056 2754 uxorem
1089 2690 1194 2754 conci·

238 2806 371 2876 liarerit.
418 2808 577 2875 Indicium
610 2807 672 2874 hoc
704 2808 899 2874 luculentum
932 2829 994 2873 esse
1029 2807 1196 2896 opinatur,

238 2950 300 3015 quo
323 2928 450 3016 probari
462 2929 557 3018 possit
568 2977 578 3008 ,
604 2928 813 3017 Pomponium
837 2926 877 2994 de
899 2923 1058 2992 Ciceronis
1077 2925 1197 3006 salute,

237 3059 379 3137 tempore
401 3049 662 3137 proscriptionis,
690 3050 773 3116 haud
797 3050 932 3116 multum
960 3051 1129 3140 cogitasse,
1154 3051 1197 3114 si·

237 3169 366 3259 quidem
388 3171 453 3257 ejus
473 3192 584 3236 necem
604 3181 668 3236 tam
690 3167 781 3236 facilc
801 3168 934 3248 tulerit,
959 3181 995 3234 ut
1016 3191 1088 3234 cnm
1101 3167 1196 3254 hujus

237 3308 364 3362 auctore
383 3297 505 3360 summi
527 3296 664 3360 amicitiai
686 3296 782 3366 fuerit
802 3295 1001 3381 conjunctus.

287 3417 372 3501 Quae
395 3416 433 3482 nd
453 3427 636 3505 argumenta
656 3414 708 3478 illa
727 3413 898 3480 refellenda
920 3413 1023 3478 afferri
1052 3425 1200 3500 possunt,

301 3625 333 3677 ln
358 3630 456 3695 primis
484 3625 711 3698 auctoremssdico
728 3628 906 3679 dissertatiua
929 3627 1029 3691 culae,
1051 3627 1200 3692 inscriptae

235 3750 278 3780 aar
294 3731 318 3781 le
337 3734 464 3781 caractc‘re
482 3731 510 3781 de
529 3732 588 3780 trois
616 3729 881 3793 celeberrimam,
902 3729 1023 3792 Ciceros,
1054 3725 1153 3777 Atticas
1176 3738 1201 3776 et

238 3828 356 3894 luccejtta
365 3865 376 3896 ,
395 3829 488 3880 Dianio
506 3829 633 3880 literaria
647 3829 758 3892 Hagensi
777 3829 877 3890 (Journ.
896 3830 1006 3879 Ir'terar're
1018 3828 1048 3878 de
1067 3829 1093 3876 Ia
1116 3824 1200 3894 Hoye)

235 3933 266 3980 A·
292 3929 358 3996 1714
384 3930 613 3991 irrsertne,'ll0m·
632 3926 665 3978 V·
684 3947 712 3995 p·
734 3927 783 3994 145
809 3945 853 3994 sq.

270 4031 281 4063 ²
323 4029 430 4081 cimae
446 4029 508 4081 Db.
522 4029 582 4079 Lib.
601 4030 631 4082 V.
648 4030 699 4097 ltp.
720 4028 898 4098 15.§1,t.

1038 4130 1076 4189 7*
