2970 5144
678 612 802 684 ‚52

300 798 486 886 poneret1,
523 813 585 881 qao
616 787 816 882 reconciliato
845 788 879 850 in
909 786 1019 875 primis
1046 787 1188 864 factum,
1219 799 1255 851 nt

301 914 526 982 tandemdeeo
545 910 717 978 revocando
736 909 1045 976 senatusconsultum
1067 909 1251 998 promulga-

300 1049 398 1104 retur.
447 1037 527 1102 Tum
550 1034 635 1098 enirn
655 1030 787 1111 Cicero,
818 1031 961 1120 Pompeji
991 1029 1129 1096 amicitii
1159 1052 1252 1110 usus,

299 1159 460 1224 neminem
481 1175 669 1243 magnopere
689 1153 724 1216 ia
746 1151 904 1216 nobilibus
928 1150 1085 1227 babebat,
1122 1151 1177 1240 qui
1206 1150 1251 1214 le·

300 1278 458 1370 gislarioni
477 1278 515 1342 de
533 1276 629 1366 ipsius
647 1274 751 1341 reditu
770 1295 834 1340 sese
855 1247 945 1338 valde
957 1285 1131 1362 opponeret
1147 1276 1176 1339 ².
1196 1271 1252 1336 ln-

302 1402 396 1469 terim
416 1399 539 1466 htticus
558 1419 630 1463 cum
645 1395 746 1464 Sestio
765 1406 860 1484 atque
875 1393 987 1458 Pisone
1005 1403 1133 1482 propter
1152 1400 1254 1456 motus

302 1518 477 1610 quosdam,
524 1540 601 1607 qnos
643 1515 880 1604 suspicabantur
913 1514 1046 1580 orituros
1076 1512 1254 1602 quibusque

303 1639 488 1708 Ciceronem
511 1650 690 1706 revocatum
711 1635 751 1701 iri
773 1635 939 1724 sperabant
955 1640 994 1713 ³,
1019 1633 1253 1701 Thessalonicae

302 1785 375 1830 eum
393 1761 611 1839 retinuerant,
634 1759 709 1824 dum
743 1757 801 1847 ipsi
833 1779 953 1824 samma
985 1777 1046 1844 ope
1075 1756 1255 1822 nitebantur
1331 1755 1335 1760 “

302 1898 334 1949 et
354 1904 427 1948 vero
443 1880 640 1957 efficiebant,
676 1891 734 1956 ut,
767 1890 935 1964 antequam
970 1876 1041 1940 nori
1070 1887 1252 1942 crearentur

303 2002 436 2069 Tribuni
465 2000 591 2077 Plebis,
624 1998 853 2086 designatorum
881 1994 1051 2063 Consmnm
1077 1997 1256 2085 provinciae

303 2132 510 2199 ornarentur,
538 2141 601 2208 qno
618 2118 747 2209 quidem
768 2119 903 2184 multum
918 2141 950 2185 se
971 2118 1116 2186 Ciceroni
1146 2120 1256 2208 prolu-

302 2255 388 2337 tnros
408 2238 587 2326 sperabant.
610 2237 648 2303 ld
670 2251 773 2304 tamea
791 2238 865 2304 licet
880 2239 972 2304 aliter
992 2240 1117 2306 cesserit
1129 2262 1253 2328 neque,

303 2372 463 2427 utcontra
483 2380 601 2424 morem
631 2361 785 2454 majorum
814 2360 955 2437 lactum,
987 2360 1074 2424 novis
1108 2360 1255 2426 Tribunis
1306 2355 1308 2360 ’

303 2481 495 2572 placeretl,
520 2479 565 2544 rei
588 2491 692 2544 tamen
719 2477 882 2544 Tullianae
912 2501 1060 2569 maguam
1083 2477 1254 2546 detrimen-

303 2618 371 2672 tum
385 2603 524 2668 attulisse
556 2624 617 2666 non
646 2600 794 2680 videtur,
825 2599 981 2689 siquidem
1014 2599 1119 2666 Attico
1150 2599 1255 2666 omnia

303 2747 374 2788 mox
394 2735 458 2787 tam
480 2722 577 2786 fausta
610 2722 673 2786 risa
705 2734 799 2798 sant,
837 2733 871 2786 ut
899 2721 964 2810 ipse
995 2722 1090 2787 etiam
1121 2721 1254 2786 Romam

303 2848 494 2935 relinqueret
518 2860 549 2912 et
568 2845 753 2912 Ciceronem
775 2844 1007 2930 Dyrrhachium
1031 2847 1254 2914 conveniret5.

342 3093 351 3126 ¹
393 3093 570 3146 «Mmbib.
590 3091 808 3160 llt.1tp.tt.§
828 3094 994 3160 hilma·
1014 3095 1074 3162 52.

340 3184 351 3220 ¹
394 3191 435 3242 Cl.
452 3191 561 3244 Abeken
581 3212 610 3259 p.
628 3193 677 3245 lii
695 3211 737 3260 aq.

327 3286 353 3376 ¹³
393 3292 454 3344 bib.
483 3294 508 3344 Ι.
527 3293 559 3342 ad
576 3296 607 3355 O.
625 3293 669 3343 Fr.
688 3295 737 3360 ἢ.
756 3294 783 3359 4.
802 3295 816 3364 §
834 3296 871 3361 Ἡ
890 3295 1068 3350 adArr.1.ib.
1090 3295 1144 3346 lll.
1161 3298 1210 3362 ltp-
1229 3301 1257 3350 8.

303 3385 318 3452 §
345 3391 375 3454 ὃς
405 3391 455 3456 up.
476 3391 517 3444 10.
536 3389 549 3459 ᾗ
569 3397 601 3456 1,
631 3394 683 3459 Ep.
701 3397 741 3445 ll.
761 3395 774 3462 §
794 3398 818 3446 1.
836 3397 919 3460 Quem
940 3403 1032 3447 autem
1052 3405 1158 3446 motura
1181 3397 1256 3446 Atti-

302 3507 348 3540 cas
368 3491 562 3555 significaverit
578 3492 637 3558 lege
656 3494 729 3560 apud
748 3491 901 3545 Corradum
921 3498 1020 3559 Quaere.
1038 3513 1065 3561 p.
1084 3497 1134 3548 168
1152 3513 1194 3561 sq.

341 3578 352 3612 ⁴
391 3591 425 3640 aa
440 3591 492 3642 Aa.
510 3593 569 3643 rra.
588 3592 644 3643 111.
661 3593 711 3658 sp.
728 3593 770 3660 aa.

339 3688 351 3721 ⁵
390 3693 440 3759 ltp.
463 3694 495 3745 25
525 3692 566 3745 Cl.
582 3695 611 3744 iu
630 3695 728 3762 primis
745 3697 903 3748 Wielandus
919 3698 996 3748 Turn·
1017 3697 1059 3748 ll.
1077 3715 1106 3763 p.
1125 3698 1184 3752 127.
1202 3697 1258 3747 tti-

300 3807 350 3844 nns
380 3803 452 3845 recte
463 3831 474 3859 ,
493 3801 525 3844 ut
543 3793 614 3844 mihi
631 3796 745 3862 quidem
763 3797 897 3860 videtur,
917 3796 1052 3848 Corradus
1069 3795 1150 3846 initio
1169 3795 1263 3862 Epicu

301 3893 382 3944 land.
407 3895 491 3944 verba
511 3914 525 3944 a
543 3914 580 3945 me
597 3895 752 3961 expunxit,
771 3915 842 3965 quae
860 3896 989 3947 Graevius
1007 3913 1036 3945 rn
1055 3916 1070 3945 a
1088 3899 1176 3946 nostris
1192 3913 1258 3946 ma·

300 3995 382 4046 tanda
411 3995 527 4047 censuit.
562 3997 732 4063 Quamquam
761 3999 835 4048 enim
854 3997 985 4063 temporis
1004 3996 1075 4046 ratio
1093 3995 1204 4056 obstat,
1223 4011 1258 4045 ue

300 4104 465 4157 statuamus,
482 4097 601 4149 Atticum
621 4105 681 4164 post
699 4099 750 4165 Ep.
767 4097 798 4164 il
815 4133 824 4161 ,
843 4099 972 4163 scriptam
988 4093 1033 4146 ll.
1047 4094 1092 4144 lrl.
1103 4095 1184 4156 lter„
1206 4093 1257 4140 llo-
