3042 5140
787 576 852 638 206

381 755 478 822 XLV.
504 755 704 820 Deseremur
726 758 847 847 petius
878 778 901 817 α
929 776 966 818 re
990 755 1134 842 publiea
1155 779 1251 842 queam
1275 785 1297 824 u

337 895 374 940 re
387 869 586 968 semitiora.
638 873 711 960 [ΕΡ.
736 876 770 940 3.
797 878 814 962 §
844 871 887 957 1.]
946 870 1031 938 Ilaec
1061 872 1226 940 referenda
1255 877 1295 942 ad

335 1014 458 1058 eausam
498 974 764 1074 Buthrotiorum,
797 993 946 1072 tandem,
983 993 1040 1060 etsi
1072 1019 1146 1063 eum
1181 999 1295 1066 damno

337 1114 459 1192 Iuici,
484 1115 673 1181 confectam.
700 1112 889 1202 0I.‚supra‚
913 1139 948 1203 p.
973 1118 1031 1185 80.
1054 1131 1122 1186 not.
1148 1125 1181 1190 3.

378 1234 492 1300 XLVI.
528 1235 619 1296 Veni
646 1235 781 1322 egitur,
808 1243 861 1310 tu,
886 1238 942 1322 qui
961 1237 1181 1318 auuuuuoa'uv,
1206 1247 1292 1314 veui.

335 1357 514 1440 Relinques
543 1352 733 1442 putrium?
783 1353 900 1419 Velim
935 1355 1059 1440 σκόλιον
1073 1359 1213 1450 aliquod
1232 1362 1294 1426 eli·

335 1501 401 1542 mes
429 1477 572 1553 adme,
598 1480 788 1571 oportuisae
809 1486 840 1539 te
862 1481 950 1542 istun
967 1478 1097 1560 facere.
1145 1478 1233 1544 Nam
1263 1485 1296 1548 ai

332 1624 354 1664 a
398 1595 557 1664 Phaedro
597 1606 734 1676 nostro,
780 1599 940 1686 expeda'ta
980 1604 1153 1664 excusatio
1197 1612 1292 1670 esset.

332 1717 428 1782 Nune
456 1713 539 1802 qzu'd
564 1717 830 1805 respondemus?
853 1752 893 1764 -
915 1719 1004 1787 Nam
1027 1720 1159 1786 Brutus
1180 1734 1294 1788 uester

334 1843 424 1932 ez'let.
476 1840 552 1929 [ΕΡ.
589 1845 621 1907 7.
657 1847 674 1928 §
710 1841 820 1926 3-5.]
873 1841 985 1906 Literis
1017 1838 1200 1908 Ciceronem
1233 1845 1292 1910 ad-

333 1976 520 2043 monuerat,
553 1975 587 2028 ut
616 1964 655 2028 ad
692 1965 800 2030 urbem
830 1964 970 2042 rediret,
1007 1964 1081 2032 IIeet
1113 1964 1200 2053 prius
1231 1966 1292 2032 iter

334 2088 400 2174 ejus
423 2086 645 2175 approbasset,
671 2097 861 2173 quapropter
884 2108 902 2148 a
926 2082 1029 2148 Tullio
1052 2085 1202 2172 carpitur.

379 2204 510 2271 XLVII.
566 2203 739 2281 Provide,
782 2208 815 2267 si
854 2207 909 2268 oui
948 2203 1029 2288 quid
1069 2203 1221 2282 debetur,
1255 2214 1292 2268 ut

333 2330 401 2412 ait,
419 2323 517 2412 ,unde
540 2345 613 2411 pur
634 2327 724 2411 puri
747 2321 1001 2412 respondentem.
1026 2323 1185 2408 Ma'riflou
1207 2328 1292 2392 euim

332 2448 517 2531 δνσχρηστία
552 2454 602 2508 est
629 2454 776 2534 propter
805 2452 922 2506 metum
966 2465 1149 2510 armorum.
1197 2441 1233 2532 [I.
1269 2444 1291 2516 I.

327 2567 419 2654 §6.]
470 2565 676 2632 Commendat
710 2565 877 2643 Ciceroni,
911 2577 945 2629 ut
967 2588 1040 2630 suae
1069 2563 1208 2634 consulat
1240 2566 1288 2630 Ia·

330 2709 421 2764 mae,
446 2685 614 2764 solvendo,
640 2687 665 2750 si
691 2685 742 2752 cui
768 2684 844 2774 quid
869 2684 994 2751 debeat.

374 2805 523 2875 XLVIII.
569 2806 689 2872 Prius.
750 2806 838 2893 [Lib.
885 2805 952 2872 XV.
998 2805 1058 2892 ΕΡ.
1096 2810 1149 2876 13.
1184 2812 1203 2892 §
1238 2805 1285 2894 3.]

326 2926 499 3012 scripserat
544 2924 653 2989 Cicero
695 2925 832 3014 Epistola
879 2925 1012 3014 quadam
1048 2933 1170 3004 autea,
1205 2927 1289 3015 quod
1387 2991 1391 2998 ,

327 3069 425 3134 quum
456 3057 541 3112 recle
571 3044 637 3112 diei
665 3069 727 3112 non
749 3069 836 3135 posse
857 3046 963 3113 Attico
984 3046 1162 3126 videretur,
1188 3046 1289 3114 obiter

331 3165 410 3234 illud
435 3168 629 3256 tetigerat‘et
641 3172 748 3258 prius
769 3167 939 3232 dIeendum
963 3168 1151 3236 ostenderat.

372 3290 488 3358 XLIX.
525 3289 595 3354 Illo
627 3300 772 3376 tempore
793 3311 884 3376 opus
915 3296 987 3366 net,
1019 3288 1105 3374 quod
1122 3291 1194 3368 suit
1213 3288 1288 3352 e'lla'e

326 3415 428 3476 trium
450 3415 550 3476 υίνιέ.
588 3409 673 3497 [Lib.
710 3408 796 3476 XVI.
831 3411 890 3497 ΕΡ.
922 3414 973 3477 II.
1013 3413 1030 3496 §
1059 3407 1102 3493 1.]
1164 3407 1288 3498 Optime

325 3528 410 3594 huno
432 3531 536 3596 Iocum
565 3529 708 3594 videntur
737 3529 915 3618 explicare,
939 3530 993 3616 qui
1015 3529 1153 3596 Atticum
1186 3529 1287 3618 signi·

325 3649 429 3714 fieaase
461 3647 647 3728 Gaesarem,
678 3648 819 3714 Crassum
861 3650 1108 3737 Pompejumque
1137 3661 1285 3722 statuant.

326 3774 408 3838 Eum
441 3773 525 3838 diem
554 3773 659 3838 videre
689 3795 719 3838 se
751 3794 866 3860 cupere
887 3768 998 3837 Cicero
1019 3770 1163 3859 scripsit,
1189 3791 1287 3860 quum

324 3892 558 3984 Philemo-um
598 3893 667 3972 II,
698 3895 764 3980 jam
798 3891 998 3969 absolutam,
1034 3890 1156 3956 Atticus
1190 3890 1285 3956 eden-

300 4018 397 4082 ·dam
420 4028 520 4106 putet.
570 4015 740 4111 Respondit
762 4015 838 4092 hic,
864 4012 918 4078 tali
942 4025 1083 4100 tempore
1106 4033 1182 4100 opus
1203 4031 1285 4088 esee,
