3042 5140
698 612 761 676 toa
845 642 847 648 ¹

252 795 353 873 Gtto,
378 795 490 858 irustra
512 789 645 870 Cicero,
670 792 849 880 paucissimi
863 793 938 873 alii;
963 794 1205 881 praeclarissima

252 939 422 1009 paucorum
446 916 570 1006 ingenia
592 915 764 1004 reprimere
792 937 828 980 ac
853 923 997 980 coercere
1026 928 1205 1005 corruptam

251 1039 487 1104 multitudinem
516 1027 577 1102 nou
598 1035 754 1102 valebant.
811 1036 895 1120 Quid
928 1035 1024 1124 igitur
1057 1034 1205 1102 Atticusl

249 1160 306 1227 Sui
328 1160 500 1248 permansit
520 1158 629 1224 similis
648 1171 679 1224 et
700 1156 866 1224 honestum
889 1156 1007 1237 otium,
1043 1157 1207 1224 literarum

250 1279 283 1343 in
322 1279 433 1369 primis
463 1277 567 1344 studio
605 1289 813 1367 temperatum
847 1289 941 1364 atquc
979 1273 1205 1354 exhilaratum,

249 1401 340 1490 longe
359 1400 557 1491 praeferebat
580 1399 661 1463 ritae
677 1397 785 1464 multis
810 1409 841 1462 et
867 1396 969 1462 turbis
1002 1395 1153 1461 sollicitae
1174 1408 1207 1462 ot

208 1527 209 1532 ’
250 1521 434 1586 criminibus
456 1521 619 1586 obnoxiae.
666 1519 870 1585 Gravissimae
891 1517 986 1607 igitur
1008 1539 1117 1583 causae
1137 1518 1207 1582 iue-

247 1654 339 1720 runt,
365 1665 444 1730 quae
468 1665 485 1705 a
505 1641 650 1707 civilibus
667 1639 800 1728 negotiis
826 1639 965 1704 naricum
990 1641 1203 1708 avocarunt.²

250 1763 390 1847 Quarum
410 1762 436 1828 si
458 1763 611 1827 rationem
634 1761 805 1839 habemus,
831 1763 897 1848 ejus
919 1759 1048 1825 consilia
1076 1760 1206 1850 politica

249 1886 308 1950 etsi
325 1908 389 1950 non
407 1884 501 1973 plane
518 1884 698 1963 absolvere,
731 1896 762 1948 at
782 1885 960 1972 vituperare
990 1893 1095 1948 tamen
1126 1883 1208 1948 desi·

250 2029 326 2071 nere
350 2005 504 2095 cogimur,
562 2005 670 2089 Quid?
707 2004 816 2094 quod,
852 2003 899 2067 vel
925 2003 1035 2069 omisso
1064 2003 1208 2092 Nepote,

251 2149 292 2191 ne
313 2123 422 2192 Cicero
446 2125 598 2214 quidem,
621 2125 677 2213 qui
696 2125 787 2212 longe
812 2122 902 2186 aliter
914 2145 1004 2211 agere
1015 2123 1081 2211 ipse
1092 2122 1210 2188 solebat

249 2247 425 2336 mediisque
461 2267 492 2310 sc
532 2247 680 2313 fluctibus
718 2244 910 2324 immittere,
955 2244 1035 2310 nihil
1068 2245 1208 2312 criminis

250 2367 390 2446 invonit,
414 2367 498 2456 quod
523 2369 555 2433 in
568 2366 711 2433 Atticum
724 2380 903 2456 tanquama
922 2368 1057 2456 publicis
1079 2369 1211 2458 negotiis

251 2491 459 2556 abstinentem
481 2488 662 2577 conjiceret.
713 2487 850 2569 Contra,
885 2491 1045 2578 ingenium
1068 2494 1156 2579 ejus,
1192 2515 1209 2555 a

251 2633 308 2676 suo
326 2608 387 2675 hoc
410 2608 538 2676 nomine
562 2607 827 2688 diversissimum,
853 2609 897 2675 ito
921 2609 1115 2698 exploratum
1148 2609 1209 2675 ha·

249 2735 366 2812 bebat,
391 2746 425 2798 ut
445 2732 558 2810 sciret,
578 2753 639 2795 non
661 2731 720 2794 nisi
741 2731 781 2794 de
801 2731 898 2793 animi
911 2730 1063 2794 sententia
1085 2728 1212 2793 intimi·

250 2877 313 2944 qua
342 2855 540 2942 persuasione
571 2853 712 2918 Atticum
744 2853 787 2916 ita
822 2852 853 2914 in
886 2850 1048 2938 republica
1072 2853 1210 2932 versari,

246 2975 427 3064 justissimis
457 2969 533 3039 adeo
561 2986 592 3038 et
629 2972 838 3038 laudabilibus
866 2972 1040 3038 rationibus
1067 2972 1215 3044 ductum„

250 3101 453 3190 Apponamus
484 3093 580 3161 Tullii
602 3094 717 3170 verba,
752 3091 867 3180 quibus
903 3091 1032 3170 Attico,
1069 3092 1208 3181 iniquius

249 3243 267 3284 a
292 3219 409 3306 Quinto
432 3217 558 3295 habito,
583 3215 762 3305 respondit:
791 3239 811 3278 a<
825 3214 880 3279 llla
894 3187 967 3302 'pars
979 3214 1127 3303 epistolae
1138 3228 1210 3286 tuae

247 3341 381 3406 minime
393 3321 453 3406 luit
464 3338 654 3417 necessaria,
679 3338 710 3402 in
723 3359 785 3426 qua
796 3334 942 3424 exponis,
960 3357 1036 3423 quas
1048 3334 1211 3402 facultates

211 3474 218 3486 '
249 3474 304 3527 aut
326 3458 564 3550 provincia-lium
583 3469 637 3523 aot
653 3458 840 3522 urbanorum
853 3455 1090 3522 commodorum
1104 3470 1134 3522 et
1144 3457 1212 3523 aliis

248 3582 443 3672 temporibus
464 3595 495 3648 et
515 3603 567 3646 me
591 3581 657 3672 ipso
677 3577 809 3644 Consule
832 3579 1086 3668 praetermiseris.
1125 3577 1210 3662 Mihi

291 3789 300 3822 ¹
339 3801 417 3850 Pares
435 3797 564 3848 babuisse
582 3794 719 3847 Platonem
736 3826 744 3855 ,
761 3794 902 3846 notissima
923 3809 964 3841 rcs
983 3800 1032 3842 est.
1070 3789 1135 3859 Ejus
1147 3808 1211 3842 vcr-

247 3901 308 3964 ba,
336 3917 406 3967 quae
424 3898 553 3963 leguntur
572 3897 651 3967 Epist.
670 3892 737 3946 Vll.
756 3913 783 3961 p·
803 3894 864 3948 852.
885 3895 917 3946 D.
928 3930 937 3956 ,
958 3890 1024 3942 haee
1043 3898 1124 3942 suut:
1145 3913 1158 3938 a
1171 3895 1209 3942 Oai

248 4007 302 4071 γὰρ
322 4002 364 4054 dvo
382 4005 411 4052 ἓν
430 4007 487 4058 τοῖς
506 4001 559 4051 τῶν
578 4003 705 4069 πατέρων
724 3999 809 4062 ἤθεσι
829 3999 871 4044 ntis
890 3993 1108 4060 ἐπιτηδεύμασιν
1128 3993 1213 4056 ἡπό·

251 4104 293 4160 λις
313 4102 388 4167 vitreio
411 4103 573 4170 διῳκεῖτο».
