3042 5146
678 623 720 682 75

213 803 337 866 'Romae
369 800 589 886 potissimum,
623 820 695 863 suae
725 809 756 862 et
785 796 944 865 Ciceronis
976 796 1070 862 saluti
1102 818 1174 885 pro·

220 923 376 1012 spiciens‚
401 919 569 1008 tranquille
589 940 695 984 rerum
714 928 860 984 eventurn
881 915 1022 1005 opperiri
1046 915 1169 982 maluit.

222 1047 321 1125 Nam,
357 1057 433 1110 teste
463 1043 608 1130 Nepote,
646 1065 668 1104 «
687 1058 758 1106 usus
784 1051 829 1104 est
854 1038 962 1104 aetatis
992 1036 1174 1115 vacatione,

219 1187 323 1256 neque
346 1165 414 1252 (sel
444 1186 602 1253 quoquam
623 1163 722 1228 morit
752 1183 789 1226 er
805 1161 895 1228 urbe.
954 1160 1041 1243 Quae
1067 1156 1174 1222 amicis

220 1286 281 1356 suis
307 1307 383 1375 opus
418 1286 563 1364 fueraut,
594 1284 631 1350 ad
659 1284 848 1370 Pompejnm
883 1278 1173 1368 profioisoentibus,

219 1411 323 1476 omnia
344 1431 381 1474 ex
399 1430 452 1492 sua
473 1429 507 1472 re
535 1406 683 1472 familiari
705 1404 827 1469 dedit»
844 1405 871 1470 ¹.
899 1400 1010 1466 Gioero
1038 1412 1170 1476 contra,

219 1526 372 1617 siquidem
394 1551 466 1594 eum
488 1527 592 1594 Attico
611 1528 794 1605 metuebat,
828 1547 868 1590 ne
901 1548 918 1589 a
950 1521 1174 1611 Pompejaois,

181 1721 182 1726 η
219 1647 277 1735 qui
299 1647 431 1734 Epirum
453 1659 550 1712 totam
570 1660 817 1736 occupauerant,
840 1645 925 1733 regio
953 1655 1115 1710 vexaretur
1131 1648 1172 1722 ²,

218 1767 319 1854 quoad
341 1779 483 1854 poterat,
505 1767 538 1831 id
556 1767 639 1854 apud
661 1767 848 1853 Pompejum
861 1764 942 1830 canit
954 1812 964 1841 ,
989 1763 1170 1852 curavitque

216 1908 257 1950 ne
274 1889 306 1953 in
323 1886 492 1975 Pomponii
516 1885 644 1974 praedia
666 1886 835 1948 saeviretur
849 1887 879 1950 ³.

263 2005 432 2073 Commissa
455 2006 581 2072 tandem
598 2029 703 2096 pugna
726 2019 772 2072 est
794 2003 992 2082 Pharsalica,
1029 2025 1090 2092 qua
1119 2027 1170 2070 su·

194 2125 453 2219 'periorCaesar
475 2127 660 2216 Pompejum
683 2149 746 2212 non
771 2126 853 2191 fudit
883 2139 1028 2206 tantum,
1062 2149 1169 2192 rerum

217 2249 312 2314 etiam
336 2268 367 2310 se
385 2246 475 2334 fugae
498 2247 571 2310 dare
594 2249 776 2334 repentinae
793 2247 908 2334 coegit.
960 2248 1045 2331 Quae
1076 2247 1169 2313 Pom·

214 2372 398 2456 pejanorum
421 2366 522 2432 clades
544 2380 579 2432 ut
599 2368 743 2456 plurimis
754 2368 822 2434 aliis
844 2367 1002 2434 nobilibus
1022 2369 1171 2435 Romanis

218 2489 328 2554 salutis
371 2510 461 2554 eausa
491 2487 628 2566 exstitit3
666 2487 709 2552 ita
740 2488 779 2551 ab
809 2487 913 2554 Attico
946 2511 1071 2578 quoque
1099 2490 1171 2556 satis
1218 2491 1229 2512 ⁹

231 2754 260 2792 '¹
298 2759 385 2824 Nepos
411 2754 523 2811 svn.
549 2758 610 2826 §1.
648 2759 724 2824 Quod
748 2759 821 2808 enim
840 2765 914 2810 iuter
944 2757 1080 2810 Ciceronis
1102 2760 1168 2825 Epi-

212 2856 294 2910 stolas
314 2857 349 2908 ad
369 2861 490 2910 Atticum
509 2863 569 2923 post
596 2858 660 2909 Lib.
685 2859 716 2910 X.
745 2858 798 2926 up.
825 2861 879 2920 18,
908 2857 1003 2908 datam
1030 2875 1068 2908 rn.
1092 2858 1166 2928 Majo

214 2964 248 3008 A.
265 2958 296 3006 U·
314 2954 345 3008 C·
363 2958 436 3022 705,
453 2957 532 3007 nulla
552 2954 630 3022 prior
649 2957 787 3024 reperitur
803 2975 887 3024 quarn
910 2956 970 3007 tib.
998 2956 1044 3008 lll.
1064 2958 1101 3023 Ep
1130 2963 1162 3016 l,

212 3061 314 3122 scripta
335 3057 364 3104 iu
392 3056 474 3122 Epiro
496 3073 534 3105 m.
562 3055 642 3109 Febr.
668 3055 733 3105 anni
760 3056 928 3120 insequentis
961 3056 996 3104 ad
1021 3053 1167 3120 Atticum,

211 3157 310 3204 Romae
330 3169 356 3204 se
375 3161 529 3218 tenentem,
549 3172 579 3204 eo
595 3157 728 3221 probari,
748 3158 837 3207 invito
847 3158 969 3221 Nepote,
991 3173 1043 3206 non
1057 3163 1167 3222 potest,

213 3256 335 3306 Atticum
357 3270 386 3304 re
403 3269 467 3305 vora
483 3256 537 3303 iter
559 3252 700 3319 quoddam
730 3254 890 3316 suscepisse.
926 3253 1018 3304 cicero
1042 3253 1166 3319 llyrrhs-

211 3356 306 3408 chium
325 3355 398 3406 send
419 3351 581 3422 Pompejum
601 3350 741 3413 contulit,
770 3349 841 3400 unde
868 3350 982 3400 Romam
1006 3350 1165 3402 tabellarios

207 3427 341 3508 ¹mittendi
368 3473 422 3506 nora
446 3470 544 3519 magna
575 3452 652 3518 eopia
679 3468 710 3502 eo
734 3457 859 3516 tompore
889 3448 959 3500 suit.
1005 3450 1030 3500 Si
1053 3456 1165 3510 tamen,

211 3556 285 3622 quod
315 3556 425 3605 omnino
446 3561 486 3604 ast
503 3536 680 3616 verisimile,
698 3545 839 3602 interdurn
853 3551 1089 3618 opportunitatem
1113 3569 1164 3602 na·

211 3665 271 3708 otus
291 3655 386 3707 literas
407 3655 442 3706 ad
465 3655 589 3706 Atticum
608 3654 737 3717 miserit,
756 3652 808 3704 hae
825 3671 888 3705 cum
899 3653 961 3704 aliis
974 3652 1055 3704 facilc
1069 3661 1165 3720 potue-

212 3764 277 3808 runt
295 3757 399 3822 perire.
438 3754 587 3820 Denique,
604 3751 675 3804 lectis
692 3753 752 3805 Lib.
769 3749 816 3803 XI.
843 3754 892 3819 Ep.
909 3753 937 3802 6.
955 3751 969 3819 §
986 3755 1024 3816 6,
1053 3771 1164 3818 persua-

210 3874 269 3907 sum
287 3859 364 3907 nobis
392 3855 473 3922 plane
490 3855 544 3906 erit
563 3855 597 3906 de
612 3853 772 3920 incorrupti
793 3855 902 3921 Nepotis
921 3855 983 3907 fidu.

246 3952 256 3984 ²
296 3959 355 4011 Lib.
373 3955 419 4010 lll.
437 3960 488 4025 Ep.
505 3954 609 4023 9·§9.

246 4058 257 4090 ³
297 4059 356 4109 Lib.
374 4058 420 4110 xt,
438 4059 487 4124 Ep.
504 4057 605 4127 4.§l.
