3042 5146
684 621 745 682 127

231 823 338 891 regere
365 823 400 866 er
432 822 489 864 usu
526 799 684 862 fortunam
710 797 885 876 didicerat,
912 799 1058 888 factoque
1079 810 1190 889 potitae

231 921 376 1011 probarit
410 920 539 984 ell'atum
553 922 572 985 ε’
600 918 665 986 Sui
697 925 811 1004 cuique
833 939 941 984 mores
954 923 1096 1012 fingunt
1109 926 1192 1010 for·

230 1045 387 1108 tunam¹.
438 1042 479 1108 Ut
508 1040 695 1107 liberalitate
728 1043 878 1130 plurimos
908 1044 967 1107 sibi
994 1045 1113 1109 solebat
1134 1045 1194 1109 de·
1276 1044 1277 1047 ’

230 1162 349 1232 vincire
362 1209 372 1240 ,
406 1162 451 1226 ita
483 1184 553 1251 erga
585 1165 741 1229 universos
758 1166 845 1246 tantd
867 1179 933 1231 erat
957 1168 1121 1234 modesti&
1141 1181 1188 1233 at·

231 1305 294 1372 que
321 1283 550 1361 humanitate,
578 1296 612 1349 ut
632 1284 683 1348 sui
705 1305 809 1349 amore
829 1297 954 1374 caperet
977 1309 1084 1353 omnes
1105 1289 1191 1364 mul-

231 1405 318 1493 tique
346 1406 412 1491 ejus
442 1403 690 1471 familiaritatem
729 1419 921 1494 expeterent.
968 1408 1031 1474 Sed
1063 1409 1102 1474 de
1134 1409 1192 1474 hac

231 1525 397 1614 Pomponii
421 1526 535 1591 virtute
559 1525 631 1591 datai
653 1528 747 1615 operi
770 1542 815 1592 est
837 1527 1003 1615 agendum.

279 1647 400 1732 Quanta
421 1647 568 1712 fueritin
589 1649 696 1714 Attico
718 1649 891 1737 elegantia,
915 1662 1031 1737 quanta
1069 1650 1101 1712 in
1123 1649 1194 1736 pri-

231 1770 290 1832 mis
323 1767 525 1846 humanitas,
562 1768 608 1831 vel
640 1768 742 1856 ipsum
776 1771 842 1855 ejus
881 1789 1076 1855 cognomen,
1109 1768 1194 1857 quod

231 1887 305 1952 inde
330 1887 528 1976 potissimum
547 1909 620 1952 eum
654 1899 782 1983 nactum
811 1887 905 1952 fuisse
929 1887 1086 1967 diximus,
1124 1889 1196 1952 satis

233 2009 389 2086 deelarat3
419 2007 504 2073 unde
535 2007 641 2096 colligi
671 2008 789 2096 possit,
826 2029 921 2096 quam
950 2008 1097 2072 unanima
1128 2010 1195 2096 ejus

234 2129 317 2216 apud
337 2128 505 2217 populares
536 2125 598 2192 hoc
620 2128 748 2192 nomine
765 2127 830 2193 laus
865 2138 942 2192 esset
974 2139 1005 2192 et
1038 2127 1194 2192 existima·

234 2247 324 2316 ti02.
370 2247 503 2312 Athenis
538 2247 646 2324 enim,
681 2247 784 2312 cultus
819 2247 872 2310 illa
895 2247 1092 2336 elegantioris
1113 2251 1195 2314 anti-

232 2367 384 2455 quissimi
428 2366 534 2446 sede,
586 2387 672 2432 rarae
714 2368 918 2434 humanitatis
962 2382 995 2434 et
1034 2371 1194 2434 doctrinae

234 2500 335 2553 matre
350 2492 388 2566 ³3
415 2487 459 2551 ita
486 2487 562 2551 ririt
581 2462 786 2577 animumque
816 2489 975 2568 excoluit,
1009 2501 1044 2554 ut
1069 2490 1194 2554 tandem

235 2607 352 2696 ingenii
393 2629 581 2698 morumque
612 2607 699 2673 cultu
741 2631 781 2673 ne
810 2607 922 2673 luicis
957 2607 1086 2696 quidem
1122 2608 1194 2695 ipsis

235 2727 346 2794 cedere
369 2727 539 2794 rideretur.
588 2727 726 2794 Accessit
747 2727 875 2815 insignis
905 2728 1002 2792 animi
1018 2727 1195 2804 modestia,

235 2869 330 2938 quarn
350 2847 478 2937 quidem
500 2859 617 2912 tantam
636 2849 789 2934 jamtum
818 2845 954 2927 habuit,
992 2859 1048 2924 ut,
1085 2846 1194 2933 spretis

236 2967 380 3032 omnibus
403 2967 598 3046 honoribus,
623 2968 762 3054 privatus
786 2967 912 3054 degeret
932 2979 1194 3055 praeoptaretque

182 3123 189 3128 ·
235 3085 408 3154 communis
436 3110 499 3154 esse
530 3088 663 3167 infimis,
695 3089 903 3179 quamglorid
926 3111 1115 3179 quemquam
1136 3113 1193 3154 an-

235 3211 389 3277 tecederet
415 3208 541 3276 Catonis
564 3212 683 3289 instar,
709 3209 833 3300 qualem
852 3210 912 3276 sibi
933 3222 964 3274 et
986 3209 1096 3275 Cicero
1120 3229 1200 3273 eum

274 3483 285 3516 ¹
323 3485 409 3548 Nepos
428 3502 451 3534 e.
470 3483 651 3554 XI.§5‚6.

273 3567 285 3598 ²
328 3582 394 3632 Inde
424 3558 518 3634 Cicero
547 3585 582 3633 ad
606 3582 743 3636 Curium:
765 3586 871 3635 «Vides
889 3586 1024 3635 exaruisse
1042 3584 1100 3654 jam
1121 3593 1197 3636 vete·

236 3701 296 3734 rem
314 3685 517 3737 urbanitatem:
538 3693 569 3736 ut
585 3685 748 3752 Pomponius
765 3691 855 3736 noster
875 3703 922 3735 suo
940 3685 1004 3754 jure
1022 3687 1107 3751 possit
1121 3685 1197 3737 dico·

236 3802 266 3834 ro
276 3821 288 3851 ,
309 3789 381 3836 enisi
396 3805 438 3836 nor
454 3789 528 3854 ponci
546 3790 690 3838 retineamur
706 3786 808 3850 gloriam
828 3787 949 3854 aurigarum
961 3783 1067 3832 Atticam
1079 3803 1117 3848 n,
1137 3783 1197 3836 Lib.

236 3881 439 3938 wemno.
474 3887 526 3952 Ep.
543 3887 666 3950 31.ss

274 3980 286 4013 ³
323 3989 444 4051 Legenda
471 3990 582 4040 omniuo
600 3987 652 4038 hnc
670 3989 703 4037 (lc
723 4005 750 4036 re
769 3995 808 4036 est
828 3983 872 4039 Cl.
890 3984 1134 4035 CreunoriOrat.de
1146 3985 1193 4034 eiu.

233 4090 329 4143 Athen.
349 4093 425 4140 omnes
444 4091 599 4142 humanitatis
614 4100 734 4159 parente,
755 4105 848 4138 recusa
868 4087 964 4136 Franc-
983 4085 1017 4134 ad
1035 4084 1072 4136 M.
1092 4081 1169 4133 1826.
