3042 5140
699 623 758 684 191

251 802 495 880 lllarcellorurn3
532 798 688 888 Scipionis
721 799 859 866 Cornelii
890 815 920 866 et
945 803 1036 870 Fabii
1058 807 1206 886 Maximi,

251 923 421 991 Fabiorum
454 933 486 986 et
517 921 726 988 Aemiliorum
760 945 899 1014 quoque.
969 927 1089 1011 Quibus
1118 929 1207 996 libris

252 1047 333 1113 nihil
359 1058 461 1136 potest
487 1068 550 1111 esse
579 1045 700 1111 duleius
731 1046 790 1126 iis,
828 1047 883 1136 qni
911 1046 1048 1136 aliquam
1082 1049 1207 1137 cupidi·

252 1182 348 1235 tatem
369 1167 488 1234 habent
508 1166 639 1232 notitiae
663 1167 817 1232 clarorum
836 1169 976 1232 virorum
990 1194 1010 1234 >›
1035 1171 1065 1236 ¹.
1112 1171 1206 1235 Extra

251 1291 312 1356 hoo
332 1289 463 1378 Nepotis
478 1287 634 1376 judicium
656 1287 696 1353 de
715 1287 828 1354 libellis
849 1285 934 1354 hisee
957 1288 1139 1355 altissimum
1161 1301 1205 1355 est

250 1411 284 1475 in
311 1410 511 1499 antiquorum
543 1408 665 1498 seriptis
689 1409 876 1491 silentium,
900 1421 935 1475 nt
955 1432 995 1473 ne
1014 1411 1109 1476 verbo
1131 1410 1203 1500 qui-

249 1529 322 1596 dem
344 1552 475 1619 usquam
499 1545 795 1600 commemorentur.

295 1650 440 1738 Denique
482 1649 562 1714 inter
611 1673 727 1739 opera,
769 1675 786 1714 a
822 1653 996 1740 Pomponio
1027 1653 1134 1733 edita,
1170 1658 1203 1718 in

249 1792 376 1835 censum
416 1769 502 1834 venit
539 1769 722 1836 historicum
761 1771 939 1861 quoddam,
972 1788 1050 1837 nora
1079 1794 1203 1862 prorsus

248 1891 369 1956 ratione
387 1890 593 1961 elaboratum.
628 1892 806 1983 «Namque
825 1893 985 1974 versibus,
1010 1894 1064 1983 qui
1084 1893 1203 1960 honore

251 2033 421 2100 rerumque
444 2024 599 2101 gestarum
622 2012 829 2102 amplitudine
850 2028 967 2081 ceteros
989 2014 1123 2080 Romani
1144 2039 1201 2104 po-

246 2133 315 2224 puli
345 2133 586 2223 praestiterunt,
620 2135 782 2225 exposuit:
816 2139 858 2202 ita
872 2187 881 2216 ,
916 2149 950 2202 ut
976 2137 1033 2203 sub
1060 2135 1202 2227 singulo·

246 2275 316 2318 rum
355 2253 544 2343 imaginibus
584 2257 667 2320 laeta
703 2258 962 2348 magistratusque
1000 2281 1107 2325 eorum
1138 2281 1201 2324 non
1233 2287 1236 2296 ¹

246 2372 379 2462 amplius
424 2373 582 2463 quaternis
612 2375 793 2463 quinisque
827 2379 964 2444 versibus
992 2364 1210 2470 descripserit·
1247 2453 1252 2456 ,

252 2493 342 2580 Quod
381 2495 431 2560 rir
465 2485 655 2560 credendum
689 2497 751 2576 sit,
793 2511 891 2564 tantas
923 2521 971 2565 res
1003 2513 1065 2565 tarn
1098 2503 1201 2568 breri-

240 2678 270 2721 et
291 2671 322 2720 L·
340 2669 418 2720 Junii
438 2668 537 2735 Bruti,
556 2672 585 2721 in
606 2670 772 2724 Parthenone
792 2673 933 2729 babuisse.
960 2675 1007 2726 eff.
1036 2675 1200 2740 blongaltins

241 2770 278 2820 ad
306 2769 326 2820 l.
356 2768 401 2832 l.,
430 2771 509 2821 Tom.
536 2767 574 2821 V.
602 2789 631 2838 p.
659 2773 711 2825 628
730 2789 810 2839 sqq03
827 2772 1006 2840 Wielandus,
1025 2775 1102 2825 Tem.
1120 2775 1203 2847 v.p..

180 2891 183 2895 ·
241 2873 309 2940 5155
337 2872 491 2938 trinales„
516 2874 595 2926 Tem.
625 2869 681 2926 lll.
698 2892 727 2941 p.
744 2877 760 2925 5
779 2875 807 2924 in
830 2881 916 2939 nota3
934 2872 979 2926 eui
998 2873 1198 2926 videturess-

242 2975 308 3026 bula
341 2975 391 3026 illa
419 2977 494 3040 origo
519 2977 627 3027 nummi
654 2975 775 3041 argentei
807 2974 865 3028 sire
895 2976 1002 3027 denarii
1033 2974 1196 3042 repetenda,

241 3074 291 3134 uui
327 3074 409 3126 Bruti
442 3074 601 3141 Ahalaeque
632 3075 767 3139 imagines
800 3074 941 3137 referens,
975 3073 1143 3127 describitur
1169 3074 1198 3124 in

240 3175 358 3228 Tlesaur.
375 3176 475 3229 Morell.
494 3175 524 3225 in
542 3175 617 3226 Fam.
634 3173 699 3224 Juo.
715 3175 782 3224 Tab.
803 3173 826 3225 l.
846 3175 873 3224 l.

280 3269 291 3301 ¹
329 3273 415 3338 nepos
439 3289 466 3326 ο.
490 3257 594 3327 irvrrr.
613 3276 629 3340 p
648 3273 686 3336 s,
705 3272 733 3323 r.
769 3267 927 3340 rejicienda
954 3271 1064 3322 viderur
1083 3271 1198 3336 ropmas

239 3369 393 3434 sententia,
422 3371 457 3420 ad
486 3370 547 3422 bib·
577 3369 657 3424 xttt.
687 3371 721 3426 ad
747 3369 801 3424 Ast.
828 3370 876 3435 Ep.
905 3367 961 3435 44,
992 3367 1196 3430 existimantis,

241 3470 361 3525 Atticum
382 3472 611 3539 praetulimus,
631 3491 645 3522 a
662 3472 761 3536 Nepote
777 3477 1024 3532 commemoratos,
1047 3447 1116 3519 alios
1128 3467 1197 3520 sori·

240 3569 349 3636 psisse,
374 3571 490 3636 Cottam,
509 3575 612 3623 Cascam
632 3576 658 3620 et
678 3569 788 3620 libonem
807 3567 970 3636 inscriptos,
989 3585 1087 3633 eoaque
1108 3569 1197 3634 perti·

155 3644 184 3733 ‘¹
238 3671 329 3722 nuiaae
357 3673 391 3722 ad
419 3690 487 3740 opus
510 3671 540 3724 de
561 3671 692 3722 Familiis.
727 3673 760 3722 Ut
776 3668 849 3720 enim
869 3670 928 3734 ipse
945 3649 1068 3731 fatetur,
1086 3666 1198 3719 Libonis

237 3769 346 3822 Annalis
371 3772 530 3824 nominatur
554 3772 613 3824 tib.
637 3769 712 3822 lllll.
740 3773 792 3836 Ep.
815 3771 865 3835 303
883 3769 1005 3831 aceedit,
1025 3767 1099 3833 quod
1121 3769 1195 3818 Cotta

238 3887 347 3937 quoqne
373 3871 481 3922 librum
500 3875 599 3924 Graeco
617 3871 707 3922 edidit
724 3870 754 3920 de
778 3871 840 3938 Rep.
860 3871 1034 3932 Romanorum,
1059 3873 1090 3918 ut
1118 3866 1195 3918 docet

238 3971 273 4020 ad
302 3972 425 4038 priorem
455 3972 548 4023 locum
582 3971 729 4024 Corradus.
764 3970 816 4020 Nec
834 3969 937 4033 video,
956 3969 1056 4037 quidni
1076 3986 1106 4020 os
1126 3985 1195 4034 opu·

236 4069 310 4123 scula
329 4073 425 4124 esteris
449 4072 627 4126 succensuisset
646 4074 744 4140 Nepos·
