2970 5144
817 551 859 612 58

346 727 428 792 clara
441 731 450 768 ¹
478 749 572 815 quarn
585 725 710 815 optimis
722 727 860 792 moribus
875 728 1102 818 mitissimaque
1114 732 1238 820 ingenio
1249 735 1305 798 in-

347 863 484 928 structo,
504 873 603 939 qnae,
618 873 636 913 a
649 850 757 934 Quinti
779 848 939 914 Ciceronis
957 851 1129 939 Pomponia
1160 852 1309 920 diversis·

353 970 447 1048 sima,
471 992 543 1034 curn
564 969 678 1036 marito
697 971 816 1036 summai
839 991 961 1058 semper
991 971 1088 1058 gratiit
1109 983 1203 1060 atque
1226 996 1309 1037 con-

352 1067 466 1160 cordia
479 1093 589 1158 riserit
604 1098 642 1173 ²,
669 1094 711 1160 ll.
731 1089 875 1158 Ciceroni
899 1093 1126 1184 Terentiaeque
1158 1095 1219 1162 luit
1236 1119 1306 1186 gra-

352 1217 470 1284 tissirna
486 1221 514 1282 ³.
564 1216 643 1281 Nata
667 1237 703 1280 er
725 1213 809 1279 hisce
830 1215 948 1305 nuptiis
965 1215 1027 1282 sola
1046 1217 1223 1284 fuitdttica
1243 1219 1310 1284 sire

349 1335 506 1416 Caecilia,
525 1359 635 1424 'quarn
668 1337 749 1424 patri
784 1337 818 1405 in
837 1336 947 1424 prirnis
970 1337 1157 1425 carissimam
1176 1341 1188 1378 ⁴
1215 1351 1303 1427 post-

261 1469 266 1480 '
348 1485 404 1539 ea,
420 1473 452 1525 ut
475 1459 664 1537 videbimus,
675 1459 720 1528 Μ.
732 1458 898 1546 Vipsanius
912 1457 1049 1546 Agrippa
1062 1479 1189 1524 uxorem
1202 1458 1304 1526 duxit.

395 1583 635 1670 Quamprrrnum
658 1579 789 1644 Romam
802 1579 923 1643 Atticus
936 1577 1049 1656 rediit,
1070 1577 1148 1642 mira
1169 1579 1316 1668 quadam·

355 1709 430 1773 cord
453 1719 548 1796 etque
568 1704 729 1796 diligantid
749 1700 909 1768 Ciceronis
925 1702 1017 1766 rebus
1028 1700 1165 1789 providit
1176 1749 1185 1779 ,
1210 1699 1306 1789 quip-

350 1849 392 1917 pe
412 1832 489 1918 qu'i,
511 1828 587 1894 licet
606 1828 639 1891 in
661 1824 830 1914 pristinum
843 1823 995 1888 honorem
1014 1823 1195 1902 restitutus,
1217 1822 1304 1888 haud

348 1951 431 2016 lauta
450 1965 556 2013 tamen
577 1947 727 2036 gauderet
748 1944 941 2012 conditione.
975 1945 1101 2010 Praeter
1120 1944 1204 2024 alia,
1222 1965 1307 2034 quac

304 2103 313 2124 ι
347 2093 452 2158 passus
471 2070 596 2146 fuerat,
612 2067 746 2144 darnna,
773 2065 862 2130 aedes
882 2067 948 2152 ejus
968 2061 1190 2130 Clodianorum
1210 2069 1304 2154 operis

348 2188 496 2256 incendio
513 2187 638 2252 dolebat
648 2187 763 2253 deletas
776 2210 784 2266 ;
805 2200 836 2251 ct
849 2187 991 2252 universe
1005 2210 1037 2253 re
1047 2187 1194 2252 familiari
1205 2188 1302 2253 fractis

349 2311 511 2388 utebatur,
536 2308 703 2397 dissipata,
729 2308 865 2397 direpti.
894 2308 1046 2392 Quocirca
1069 2333 1144 2389 sua,
1158 2333 1220 2375 non
1238 2325 1300 2376 tarn

348 2429 547 2495 facultatibus
570 2430 690 2509 laici,
717 2451 792 2518 quas
819 2452 887 2494 suas
910 2452 974 2494 csse
993 2430 1181 2517 judicabat,
1208 2455 1299 2522 quarn

248 2544 252 2552 ⁸
349 2554 486 2621 consiliis
509 2554 671 2618 restituere
697 2565 728 2618 et
762 2548 910 2637 reliquias
942 2551 1088 2639 colligere
1111 2553 1300 2642 cupiebat⁵,

350 2687 416 2743 sine
439 2678 555 2766 quibus
575 2675 613 2740 de
632 2687 698 2740 toto
714 2697 769 2739 suo
793 2683 874 2736 statu
906 2672 983 2761 quid
1016 2685 1121 2761 ageret
1150 2671 1243 2760 plane
1272 2696 1302 2738 se

347 2799 466 2864 nescire
494 2799 698 2862 fatebaturss.
747 2795 888 2859 Atticum
921 2794 1016 2882 igitur
1039 2807 1147 2860 nactus
1173 2795 1206 2859 in
1236 2794 1300 2858 vil-

388 3007 397 3040 ¹
438 3009 473 3057 Dc
490 3013 568 3071 gente
586 3005 654 3056 l'ilie
677 3003 751 3056 nihil
768 3007 878 3059 invenio
909 3008 1010 3074 scripto
1033 2976 1209 3062 renudatum.
1246 3011 1301 3060 Ne-

345 3111 475 3159 cessarium
497 3107 582 3159 Attici
600 3113 678 3158 vocat
695 3107 786 3156 Cicero
806 3107 839 3155 od
854 3107 913 3157 Diu.
935 3107 997 3158 Lib.
1018 3104 1104 3160 Vlll.
1126 3109 1176 3174 up.
1195 3113 1222 3162 8.
1243 3107 1302 3176 52.

345 3209 377 3274 Q.
399 3209 524 3274 Pillurn,
552 3209 601 3258 ubi
629 3209 703 3259 idem
733 3209 837 3262 dicitur·
864 3209 901 3262 Μ.
920 3209 1071 3260 Servilium
1090 3211 1123 3262 dc
1143 3212 1301 3277 repetundis

346 3305 507 3376 postulasse.
545 3313 628 3360 Antea
656 3311 785 3376 Quaestor
810 3311 845 3360 ad
865 3313 1005 3360 Caesarem
1023 3310 1126 3362 dicitur
1143 3309 1301 3378 profectus,

345 3411 406 3462 Lib.
434 3407 482 3461 lv.
502 3409 535 3457 nd
549 3408 603 3460 Art.
620 3411 670 3476 Ep.
689 3414 730 3464 17.
750 3408 763 3476 5
783 3410 808 3459 3.
849 3410 1018 3460 Memoratur
1035 3427 1144 3477 quoque
1162 3411 1199 3463 tt.
1216 3409 1301 3462 Pilius

298 3511 301 3518 ’
344 3511 379 3560 ad
395 3509 447 3560 Aa.
466 3510 527 3561 Lib.
544 3507 624 3560 xlll.
641 3511 691 3576 Ep.
709 3510 753 3559 31.
774 3509 788 3576 5·
807 3508 833 3574 4.

381 3603 393 3636 ²
434 3611 488 3662 Cic.
506 3611 539 3658 cd
556 3608 607 3659 Ate.
623 3610 682 3664 tro.
700 3607 780 3660 Vlll.
801 3604 850 3674 Ep.
868 3609 894 3661 5·
912 3609 927 3676 5Ι
947 3610 973 3663 3.

383 3710 393 3742 ³
434 3711 494 3762 Lib.
514 3707 561 3761 lv.
581 3711 668 3778 Ep.lp
695 3710 879 3778 b.§9;Ep.
900 3714 941 3766 lo'.
975 3712 1001 3776 d.

385 3808 396 3844 l
437 3812 769 3882 tib.v11.Ep.u.§l.

384 3914 395 3948 ⁵
433 3915 495 3969 Lib.
512 3913 556 3968 IV.
577 3917 627 3980 Ep.
646 3916 752 3982 l.§3‹

381 4007 393 4041 ⁶
433 4019 483 4084 Ep.
501 4017 529 4070 3.
545 4023 560 4090 5
579 4021 605 4068 6.
626 4013 676 4072 Cff.
696 4017 746 4083 Ep.
764 4020 790 4067 1.
808 4019 823 4084 §
844 4019 878 4083 83
898 4017 947 4082 Ep.
967 4018 994 4068 2.
1013 4017 1027 4082 5
1046 4017 1072 4068 5.
