3042 5140
783 600 847 662 150

333 776 414 840 Boni
455 773 551 863 igitur
589 777 664 842 ciris
702 789 790 854 erat,
826 773 987 864 publicam
1026 774 1111 840 illam
1154 799 1221 846 rem
1260 794 1291 846 et

332 899 584 963 communionem
615 899 720 977 tueri,
753 921 888 986 augere,
923 900 1002 964 vires
1032 921 1137 966 omues
1165 901 1205 966 od
1234 925 1290 990 pa·

299 1103 301 1108 Α
331 1015 409 1080 trino
437 1017 547 1082 florem
580 1030 612 1084 et
645 1018 775 1084 salutem
809 1020 997 1100 intendere,
1028 1022 1114 1101 imo,
1149 1025 1175 1088 si
1209 1047 1286 1114 opus

332 1148 433 1216 esset,
455 1153 588 1205 mortem
614 1161 671 1228 pro
689 1162 726 1205 eo
751 1141 948 1210 occumbere.
996 1142 1065 1210 Non
1091 1166 1199 1232 gerere
1220 1167 1287 1210 rna·

332 1258 495 1344 gistratus,
520 1257 546 1322 si
569 1259 709 1339 civibus,
735 1259 856 1339 idest,
880 1260 1000 1328 civitati
1021 1263 1063 1330 ita
1096 1264 1284 1354 placuisset,

331 1378 425 1444 nullis
451 1379 590 1468 partibus
610 1382 644 1445 in
674 1380 818 1447 civilibus
847 1381 1087 1448 dissensionibus
1117 1384 1222 1472 palem
1254 1408 1284 1450 se

331 1499 495 1582 addicere,
520 1504 607 1568 nelos
625 1506 807 1593 putabatur.
853 1505 1018 1570 Publicam
1042 1505 1287 1574 remridebetur

222 1649 225 1656 ·
330 1623 509 1714 negligere,
533 1626 715 1717 quicunque
734 1626 831 1706 ciris,
856 1628 913 1692 ubi
943 1628 982 1692 ad
1010 1629 1152 1716 publicas
1185 1629 1286 1696 alter·

330 1750 467 1816 cationes
502 1765 647 1834 venerat,
685 1774 757 1817 curn
787 1750 881 1815 nullis
913 1763 1021 1839 aperte
1051 1772 1119 1816 rem
1154 1751 1284 1820 faceret.

329 1875 409 1941 Inde
426 1877 544 1942 iactum
565 1878 730 1953 norimus,
756 1888 791 1939 ut
813 1875 909 1941 Solon
921 1878 1034 1962 eapite
1055 1878 1234 1956 sanciret,
1253 1882 1285 1940 si

329 2002 389 2084 qui
398 2002 435 2061 in
445 1997 607 2063 seditione
625 2020 687 2074 non
707 1998 852 2061 alterius
863 1997 977 2059 utrius
985 1999 1108 2082 partis
1118 1997 1250 2083 ficisset
1256 2002 1282 2062 ¹.

328 2117 366 2181 In
389 2120 478 2206 cujus
501 2119 574 2206 legis
593 2117 814 2206 praestantiam
846 2117 1008 2206 inquirere
1039 2138 1126 2183 nunc
1154 2117 1283 2206 quidem

328 2236 410 2302 nihil
429 2259 506 2325 opus
531 2250 598 2318 est;
625 2237 677 2303 sed
697 2237 898 2326 antiquorum
916 2248 1019 2300 tamen
1040 2237 1226 2304 sententiam
1245 2260 1281 2302 er

328 2377 364 2418 ea
396 2355 545 2421 continno
590 2355 838 2422 animadvertere
867 2355 953 2422 licet.
1013 2354 1102 2438 Quod
1136 2356 1162 2421 si
1189 2356 1283 2444 igitur

327 2476 379 2541 illu
393 2526 403 2556 ,
428 2500 507 2566 quae
533 2501 569 2542 cr
589 2478 717 2567 politice
744 2489 886 2542 'veterum
916 2477 1038 2542 ratione
1065 2477 1277 2556 contulimus,

329 2602 361 2665 in
384 2623 481 2666 unum
511 2603 694 2690 collegeris,
720 2601 780 2666 erit
813 2598 1067 2689 quodammodo,
1102 2598 1187 2687 quod
1217 2599 1280 2663 im-

325 2727 438 2815 probes
460 2726 560 2793 Attici
591 2725 719 2792 consilia
742 2725 845 2813 eique
878 2721 989 2809 culpae
1018 2720 1158 2798 tribuas,
1196 2717 1280 2808 quod

326 2847 419 2940 tentis
437 2860 564 2935 tamque
583 2847 713 2934 egregiis
749 2844 868 2932 ingenii
901 2842 1027 2907 dotibus
1057 2842 1224 2906 instructus
1248 2842 1280 2904 in

326 2941 483 3031 communi
507 2989 541 3030 re
562 2965 761 3032 sustentanda
781 2987 845 3030 uon
868 2984 994 3028 omnem
1028 2982 1156 3049 operam
1185 2959 1280 3025 collo·

325 3092 453 3159 caverit.
500 3086 617 3152 Verum
640 3086 725 3150 enim
758 3107 854 3162 rero,
889 3081 975 3147 haud
1009 3080 1073 3146 scio
1104 3103 1143 3144 an
1179 3080 1282 3144 afferri

323 3208 464 3297 possint,
507 3231 586 3298 qnae
617 3230 680 3273 non
707 3206 836 3294 quidem
879 3205 971 3292 plane
1001 3224 1074 3268 eum
1101 3201 1280 3282 absolvant,

322 3330 375 3394 sed
392 3342 536 3395 excusent
555 3343 659 3393 tamen
691 3331 821 3416 ejusque
844 3326 971 3416 culpam
996 3346 1185 3412 magnopere
1214 3323 1280 3386 mi-

324 3463 432 3518 nuant.
480 3449 661 3515 Videamus.

330 3545 331 3550 ἵ
367 3570 466 3636 Attici
492 3581 592 3636 aetate
623 3590 748 3632 mornm
781 3567 993 3657 corruptelam
1017 3568 1084 3654 jorn
1116 3565 1279 3654 pessimam

322 3693 405 3782 apud
427 3693 583 3759 Romanos
603 3691 765 3758 invaluisse
786 3690 875 3756 etad
900 3687 1175 3780 perniciosissimas
1188 3709 1279 3776 quas-

322 3834 383 3901 que
404 3815 553 3880 factiones
584 3827 615 3880 et
637 3812 741 3879 civilia
764 3811 842 3878 adeo
869 3810 950 3876 bella
983 3833 1086 3876 ansam
1116 3806 1278 3895 praebuis-

356 4002 365 4034 Ι
406 3997 465 4049 Lib.
483 3998 510 4045 ll.
532 3996 565 4046 od
581 3998 632 4051 Art.
651 4000 698 4063 Ep.
718 4003 744 4049 l·
763 3999 777 4062 d
797 3999 823 4050 2.
860 4000 972 4048 Causam
992 3995 1059 4059 legis
1079 3990 1277 4046 affertGellius

319 4097 357 4151 Ν.
375 4097 408 4148 Α.
426 4096 486 4149 Lib.
504 4093 545 4149 ll.
565 4117 589 4148 c.
609 4099 654 4150 lle
