3042 5140
771 609 835 674 158

340 806 393 858 aut
414 791 571 880 interjecti
593 790 675 854 inter
694 787 894 878 philosophos
914 804 945 854 at
967 813 1041 871 eas,
1072 793 1126 880 qui
1148 815 1214 859 rem
1237 820 1293 884 pu.

341 913 455 980 blicam
472 912 743 989 administrarent,
767 910 996 976 delectarentur
1009 933 1043 976 re
1064 936 1116 978 sna
1128 916 1295 1000 familiari,

340 1058 404 1098 non
420 1057 490 1099 eam
513 1033 641 1122 quidem
677 1033 762 1098 omni
784 1033 904 1097 ratione
928 1050 1169 1123 exaggerantes,
1195 1062 1295 1129 neque

340 1154 538 1221 excludentes
559 1154 598 1218 ab
628 1154 694 1240 ejus
716 1175 773 1217 usu
806 1174 905 1221 suos:-
927 1153 1093 1244 potiusque
1126 1169 1157 1222 el
1187 1161 1294 1226 amieis

342 1276 555 1363 impertientes
586 1284 617 1336 et
647 1268 860 1361 reipublicae,
892 1273 921 1336 'si
951 1275 1076 1363 quando
1109 1299 1180 1342 usus
1207 1301 1292 1349 esset.

344 1399 429 1483 Quae
459 1396 597 1484 primurn
629 1395 710 1459 bene
735 1406 823 1482 parta
863 1395 924 1475 sit,
961 1396 1046 1462 nullo
1079 1421 1182 1488 neque
1212 1402 1293 1490 turpi

342 1532 472 1612 quaestu
489 1540 592 1607 neque
615 1517 743 1584 odioso:
780 1527 846 1580 lum
876 1539 969 1606 quam
1001 1519 1165 1606 plurimis,
1204 1521 1293 1586 modo

340 1641 462 1729 dignis,
487 1661 518 1702 se
537 1638 646 1702 utilem
667 1638 814 1726 praebeat
830 1666 837 1704 ε
866 1638 979 1702 deinde
991 1654 1139 1740 augeatur
1151 1647 1293 1723 ratione,

339 1883 490 1970 riaeque,
525 1901 620 1966 quarn
656 1878 837 1944 liberalitati
857 1893 888 1944 et
924 1880 1149 1947 beneficentiae
1178 1897 1292 1971 pateat.

340 2005 426 2068 llaec
445 2001 636 2090 praescripta
658 2012 831 2065 servantem
856 1998 932 2065 lieet
953 2002 1140 2090 magnifiee,
1164 2005 1296 2093 graviter

339 2127 538 2212 animoseque
558 2123 659 2188 rivere
675 2171 684 2200 ,
699 2135 794 2210 atque
807 2122 901 2186 etiam
913 2122 1097 2211 simpliciter
1110 2171 1120 2203 ‚
1134 2124 1267 2191 fideliter
1284 2176 1292 2205 ,

339 2247 418 2310 ritae
440 2245 602 2309 hominum
633 2243 767 2309 amice»
784 2245 813 2309 ¹.

377 2492 387 2524 ¹
428 2494 482 2543 cto.
511 2493 541 2542 de
569 2491 617 2558 Offi
645 2492 706 2543 hil).
723 2490 748 2544 1.
768 2510 794 2543 c.
813 2493 859 2545 26.
876 2496 891 2560 t
910 2495 927 2543 9
944 2519 976 2534 -
998 2495 1043 2544 ll.
1080 2495 1179 2546 Imaum
1198 2493 1294 2561 haue,

336 2592 385 2656 qui
413 2591 519 2640 dudum
548 2589 619 2640 mihi
645 2598 758 2657 propter
788 2592 961 2658 praeclaram
991 2593 1205 2646 similitudinem
1231 2615 1293 2648 eum

337 2692 421 2744 Altiei
440 2692 497 2742 vita
515 2692 693 2757 moribusque
723 2692 876 2756 arriserat,
906 2694 992 2744 serius
1017 2693 1161 2745 laudatum
1185 2713 1292 2763 quoqne

335 2792 388 2857 legi
406 2814 420 2844 a
439 2792 568 2844 Doet.de
586 2792 733 2859 Fremery,
756 2793 929 2858 Spemlaud.
957 2814 987 2860 p.
1007 2795 1052 2848 73.
1101 2797 1167 2845 Cum
1200 2797 1292 2848 allatis

336 2895 428 2946 autem
447 2894 582 2945 Ciceronis
600 2893 695 2945 verbis
715 2893 832 2959 confer,
852 2913 922 2961 quae
942 2896 976 2946 ab
997 2895 1090 2946 eodem
1109 2899 1209 2964 scripta
1230 2905 1293 2948 snut

335 2992 356 3046 r.
373 2993 393 3042 r.
413 3013 438 3046 c.
456 2995 498 3048 ea.
519 2996 534 3060 l
555 2997 606 3057 11,
633 2991 678 3043 ta.
