3042 5146
714 632 775 696 135

258 837 322 903 que
343 813 387 878 sia
398 812 582 882 statuimus.
631 799 720 894 Quod
743 811 769 876 si
792 808 914 880 Atticus
932 810 968 874 ei
989 809 1095 876 fuisset
1115 809 1213 874 animi

258 931 670 1022 levitateedquenequitirl,
695 955 757 1021 qua
773 930 902 1021 quidam
914 931 1099 1009 voluerunt,
1124 929 1210 1019 quod

256 1056 283 1120 si
305 1051 389 1120 haud
412 1051 511 1121 dubie
532 1052 657 1118 uirtutis
678 1051 877 1118 simulatione
899 1049 1068 1128 honestatis
1099 1061 1130 1116 et
1150 1049 1212 1114 hu·

147 1222 150 1227 -
256 1177 414 1244 munitatis
448 1177 564 1242 lamam
595 1172 782 1263 conquirere
810 1173 868 1246 sibi
904 1172 1092 1250 studuisset,
1126 1182 1214 1241 certe

256 1297 451 1364 solertissima
494 1317 640 1385 quaeque
680 1316 809 1360 suorum
841 1294 1021 1384 aequalium
1064 1294 1210 1382 ingenia,
1246 1295 1248 1299 ’

256 1441 355 1508 eaque
375 1419 467 1484 rebus
488 1417 549 1484 suis
565 1415 857 1505 providentissima,
880 1435 1079 1502 nequaquam
1091 1413 1208 1480 eumin

257 1537 385 1605 modum
408 1537 557 1625 potuisset
579 1536 611 1600 in
632 1536 775 1602 fraudem
807 1550 838 1604 et
871 1557 1008 1602 errorem
1039 1535 1212 1615 inducere,

257 1671 291 1726 nt
310 1680 403 1726 nemo
425 1657 561 1748 perfidos
578 1656 651 1722 istos
676 1677 777 1725 mores
799 1668 1001 1745 agnosceret,
1024 1655 1142 1745 agnitos
1154 1678 1213 1744 pa·

136 1791 146 1812 ⁸
256 1779 317 1844 lam
348 1791 497 1868 tanquam
522 1778 671 1867 pessimos
693 1777 911 1868 humanaeque
943 1778 1084 1865 aooietati
1104 1778 1214 1867 perui-

256 1898 441 1964 oiosissimos
460 1896 667 1986 praediceret.
714 1898 803 1966 Nihil
821 1897 858 1978 iis
875 1898 982 1966 fuisset
1002 1899 1213 1988 impedimen-

258 2019 311 2085 to':
338 2017 431 2084 nullis
449 2018 533 2084 enim
568 2019 759 2110 Pomponius
788 2034 854 2087 erat
884 2023 1094 2102 muneribus,
1130 2022 1215 2088 nulla

255 2137 342 2201 eiaili
363 2139 549 2210 auctoritate
578 2153 610 2206 et
631 2142 773 2229 potentia
793 2154 917 2208 ornatus
936 2193 946 2224 ,
968 2166 1029 2233 qua
1053 2145 1090 2210 iis
1111 2155 1213 2210 metu-

255 2260 353 2326 endus
373 2260 548 2332 exstitisset,
600 2262 711 2346 Quid?
746 2263 829 2354 qnod
862 2264 928 2353 ipsa
960 2263 1013 2330 illa
1042 2263 1214 2330 diversissi-

255 2369 379 2448 morum
401 2382 599 2472 ingeniorum
622 2384 838 2464 familiaritas,
866 2408 961 2474 quem
983 2386 1171 2451 recentiores
1184 2386 1216 2451 ei

254 2507 330 2572 titio
354 2519 538 2589 verterunt,
562 2507 665 2576 fraudi
687 2519 792 2574 tantae
814 2506 999 2574 revelandae
1022 2507 1144 2595 egregie
1166 2507 1212 2572 la-

254 2623 356 2695 visset.
394 2626 555 2692 Praeterea
589 2648 701 2716 parum
732 2647 870 2716 congrua
901 2627 1002 2693 rideri
1031 2639 1095 2692 tam
1119 2625 1214 2692 foedo

256 2895 282 2949 l.
311 2895 370 2948 utb.
396 2893 421 2950 l.
443 2916 469 2950 c.
486 2901 514 2951 8.
529 2925 566 2940 --
584 2898 670 2949 Verbo
689 2905 780 2950 autem
799 2901 936 2951 monuisse
954 2896 1092 2958 sufficiat,
1109 2898 1214 2964 vetere·

254 2999 356 3050 amicos
385 3005 476 3066 postea
495 2999 551 3052 sibi
569 2999 651 3051 luisse
669 2999 881 3063 reconciliatos,
900 2998 973 3065 quod
992 3018 1017 3050 a.
1034 3015 1061 3062 g.
1077 2995 1214 3062 intelligi·

254 3105 300 3148 tur
327 3117 342 3150 e
370 3099 431 3153 tib.
457 3096 507 3152 IV.
535 3101 585 3167 up.
602 3099 714 3168 6.§4;
734 3081 783 3166 E'p.
800 3101 828 3151 9.
846 3098 860 3166 §
878 3099 905 3148 2.
942 3099 977 3148 De
1007 3115 1061 3163 qua
1081 3102 1211 3148 renovata

253 3198 341 3260 gratia
369 3197 435 3250 haec
458 3205 536 3252 notat
556 3199 647 3250 Abbae
666 3217 692 3266 p.
711 3199 763 3250 326
783 3215 846 3264 sq.=
868 3195 967 3247 aeC’esr
984 3215 1011 3246 ae
1029 3199 1072 3266 qui
1089 3199 1167 3247 arrire
1186 3195 1214 3244 d*

253 3297 392 3358 ordinaire,
412 3300 494 3368 quand
508 3318 538 3348 on
558 3319 572 3348 a
591 3301 677 3368 affaire
697 3301 711 3348 d
730 3298 773 3348 des
791 3297 857 3348 Gaas
875 3296 906 3345 du
925 3294 1093 3345 Carae-tered’
1105 3293 1213 3347 Aturus.

254 3398 362 3467 Ouelque
388 3397 510 3468 persuade
533 3401 604 3469 qn’oa
633 3400 680 3449 soit
706 3398 736 3449 de
754 3399 809 3448 leur
830 3397 957 3466 perfidie,
978 3415 1066 3446 eamme
1083 3397 1119 3445 a'lr
1136 3398 1162 3445 η’
1181 3417 1211 3446 en

247 3502 306 3556 sorae
318 3496 388 3564 point
402 3496 433 3546 de
448 3499 589 3563 grossiore,
609 3511 634 3549 et
649 3500 692 3568 qui
707 3499 756 3550 soit
770 3517 828 3550 saar
846 3516 937 3550 exesae
949 3497 1061 3549 tanam
1073 3500 1211 3560 mauroise,

253 3591 288 3644 its
317 3595 453 3664 employeat
475 3608 530 3648 tart
544 3597 570 3646 d'
588 3595 659 3654 Anaia
677 3617 796 3648 commuue
811 3618 871 3667 pour
888 3598 926 3648 les
943 3597 1137 3661 remoranda,
1155 3600 1213 3664 qu'ri

252 3693 279 3742 la
298 3693 342 3759 sto
367 3713 398 3744 ou
416 3706 454 3746 ert
469 3698 588 3746 contrairet
605 3695 634 3747 de
653 3716 679 3746 ae
699 3697 825 3748 rendre».
864 3697 950 3746 Attici
967 3712 1050 3762 porro
1068 3696 1212 3760 oslevea'qr,

252 3792 297 3844 cui
316 3796 459 3846 accesserit
477 3795 647 3856 inevitabilis
666 3796 754 3848 malae
773 3797 1028 3860 conseminans,
1048 3797 1212 3849 reconcilio·
1282 3851 1286 3860 ,

253 3893 354 3947 tionem
373 3896 486 3947 tribuit.
523 3892 590 3948 Vim
609 3901 680 3948 anim
700 3896 781 3947 illam
801 3913 921 3948 summos
941 3897 1024 3947 etiam
1042 3896 1191 3974 nebulones
1201 3935 1212 3963 ,

253 3995 390 4063 quidquid
410 3997 444 4048 ad
464 3999 670 4065 reprimendam
688 3998 856 4062 instituant,
876 4013 929 4048 non
949 4002 1039 4048 minus
1049 3999 1212 4066 perdomare

196 4099 205 4106 ‘
252 4114 335 4162 quam
356 4099 491 4154 maximas
509 4100 623 4154 beluas!
