3042 5146
705 596 767 660 119

242 737 377 870 Nepotis
397 779 515 857 fidem,
541 797 696 866 aggressus
715 773 772 838 Vir
799 774 909 840 doctus
929 785 975 838 est
997 773 1204 842 Publicanum

243 899 384 965 Atticum
407 899 522 966 fecere.
557 897 661 974 Nam,
688 895 746 960 etsi
768 894 822 960 ille
844 895 987 961 Atticum
1006 894 1103 960 tredit
1122 917 1205 959 nun·

242 1041 337 1108 quarn
367 1016 496 1106 publica
527 1039 622 1107 opera
656 1014 864 1094 conduxisse,
887 1035 991 1105 neque
1015 1035 1202 1103 procorum

239 1137 491 1227 redemptoribus
524 1139 619 1204 fidem
651 1161 738 1203 suam
767 1149 799 1202 et
822 1139 904 1203 bona
924 1139 1145 1226 interposuisse
1161 1141 1200 1217 ¹,

241 1260 369 1326 credere
388 1272 493 1324 tamen
512 1270 660 1345 corrupto
679 1256 840 1324 Ciceronis
861 1259 931 1324 loco
945 1258 1079 1336 maluit,
1106 1279 1200 1348 quam

241 1380 339 1446 Attici
362 1381 523 1445 avaritiam
548 1379 710 1445 incusandi
735 1380 1002 1468 opportunitatem
1026 1380 1152 1446 mittere
1169 1385 1199 1447 ².

239 1658 346 1709 ederet:
371 1675 515 1723 nunquam
534 1657 604 1709 enim
626 1657 742 1711 honores
760 1661 852 1728 petiit.
893 1658 926 1710 ld
945 1671 1018 1713 corte
1036 1670 1141 1713 constat
1160 1661 1202 1712 fe·

239 1773 292 1820 rc,
311 1756 433 1808 Atticum
452 1758 591 1810 elooeudis
610 1759 815 1821 gladiatoribus
831 1777 890 1812 rem
909 1762 999 1813 facere
1013 1780 1067 1814 non
1079 1757 1202 1814 studuis‘-

238 1877 289 1924 se,
317 1867 349 1910 nt
372 1879 389 1912 e
419 1860 545 1912 cicerone
573 1859 731 1928 discimus,
757 1861 840 1931 cujus
868 1861 1020 1928 posteriora
1037 1863 1121 1913 verba
1141 1860 1201 1912 viri

239 1958 314 2009 docti
330 1957 481 2010 noluerunt
505 1942 737 2012 animaduertere.
774 1961 817 2012 Sic
834 1967 909 2012 enim
928 1960 1044 2012 scribit:
1067 1981 1081 2005 e
1092 1961 1199 2012 Medius

237 2058 341 2121 fidius,
372 2074 422 2108 nae
440 2064 471 2108 tu
490 2044 581 2111 emisti
599 2059 699 2111 ludum
717 2059 909 2126 praeclaruma
931 2060 1097 2126 gladiatores
1116 2062 1199 2114 audio

237 2131 360 2222 pugnare
378 2157 506 2210 mirifico.
545 2160 572 2208 Si
590 2158 681 2209 locare
699 2161 838 2225 voluisses,
858 2160 964 2209 duobus
983 2157 1027 2210 his
1038 2161 1200 2211 muneribus

236 2255 380 2306 liberasses
390 2276 415 2306 ιι.
451 2254 551 2321 Quodsi
569 2263 660 2306 tamen
678 2253 790 2307 lucrum
813 2257 919 2309 Atticus
940 2258 1097 2324 spectavit,
1116 2257 1202 2308 dubi·

237 2363 265 2407 to
276 2392 287 2421 ,
307 2374 341 2408 an
360 2373 460 2424 parum
488 2356 617 2409 honestus
646 2355 697 2408 ille
714 2363 844 2423 quaestus
862 2356 949 2408 tuerit
960 2395 970 2422 ‚
990 2373 1072 2424 quem
1090 2363 1199 2416 tentum

237 2453 334 2517 abest,
362 2461 394 2506 ut
422 2455 589 2522 perstringet
621 2450 712 2508 Cicero
726 2490 736 2519 ,
756 2465 787 2506 ut
804 2473 968 2524 magnopere
987 2474 1018 2508 eo
1037 2455 1200 2511 delectetur.

236 2553 303 2608 vid.
320 2559 370 2623 Ep.
389 2560 434 2610 Sa.
454 2561 470 2626 ᾗ
489 2559 516 2610 i.
552 2557 687 2627 Equidem
707 2557 858 2624 amplector
877 2559 970 2624 potius
981 2557 1095 2608 corradi
1105 2555 1200 2626 conje-

235 2661 341 2705 cturam
351 2692 362 2721 ,
382 2656 584 2724 existimantis,
605 2656 731 2707 Atticum
751 2655 898 2707 Caeciliani
916 2655 1022 2707 funeris
1040 2654 1120 2706 causis
1138 2654 1199 2720 gla-

235 2755 354 2807 diatores
380 2755 446 2807 istos
476 2757 584 2812 emisse.
604 2753 746 2807 Videntur
764 2755 839 2805 enim
858 2755 961 2807 divites
979 2755 1095 2807 Romani
1113 2760 1198 2804 testa-

235 2862 327 2907 mento
351 2857 467 2907 subinde
485 2855 635 2908 heredibus
653 2861 710 2907 suis
728 2853 909 2919 gladiatorios
928 2853 1008 2904 ludos
1026 2851 1198 2919 imperasse,

234 2975 306 3024 quae
326 2959 493 3024 praestituta
513 2959 559 3009 die
577 2959 709 3009 darentur
728 2962 877 3022 posteaque
896 2923 1108 3006 renovarentur.
1143 2953 1200 3001 Gu-

233 3055 281 3124 jus
314 3057 355 3106 rei
385 3065 577 3119 argumentum
608 3073 663 3106 csse
683 3055 798 3106 forsitan
824 3054 909 3120 possit
928 3051 1066 3105 Ciceronis
1085 3052 1155 3101 Orat.
1171 3054 1198 3102 r'e

151 3207 154 3212 ,
234 3155 295 3207 Ver.
323 3172 347 3205 c.
378 3154 409 3206 15
428 3153 452 3207 ι’.
467 3155 521 3208 Nec
540 3139 674 3220 temporie
692 3153 764 3203 ratio
784 3153 887 3202 obstat.
922 3153 1045 3201 Mortuus
1064 3149 1198 3200 Caecilius

185 3305 192 3322 „
233 3261 273 3305 est
304 3254 415 3304 circiter
435 3271 472 3304 m.
491 3255 549 3304 Oct.
567 3255 601 3304 A.
618 3254 648 3303 U.
670 3247 700 3301 C.
717 3253 779 3303 696.
816 3249 944 3299 Omnium
963 3248 1086 3314 primum
1105 3254 1196 3298 autem

232 3351 295 3402 ludi
323 3351 485 3416 gladiatorii
515 3351 617 3401 mentio
643 3353 674 3400 fit
701 3350 762 3402 tib.
788 3346 830 3400 ΙΙ.
850 3348 883 3398 ad
899 3350 929 3410 O.
946 3348 991 3398 Fr.
1011 3349 1060 3413 Ep.
1078 3348 1105 3397 6.
1125 3350 1140 3414 6
1158 3347 1194 3410 5,

232 3451 334 3518 scripti
363 3453 474 3503 ineunte
502 3450 594 3518 Aprili
614 3451 647 3500 Δ.
665 3450 698 3499 11.
718 3451 746 3498 C.
764 3451 827 3504 698.
870 3444 922 3498 Sed
942 3446 1013 3498 hanc
1031 3464 1140 3514 quoque
1158 3445 1196 3498 li·

232 3559 288 3602 tem
307 3552 441 3604 dirimere
465 3552 511 3604 rix
530 3549 633 3616 aliquis
652 3549 750 3616 possit.

271 3645 280 3678 ¹
321 3653 363 3703 lta
391 3660 463 3704 recte
484 3652 571 3720 rerba
591 3649 703 3715 Nepotis
736 3648 830 3700 evi.
861 3644 1142 3715 §dexpiieetltocb
1162 3642 1195 3692 de

232 3753 360 3819 Fremery
382 3751 404 3805 l.
422 3753 445 3804 l.
462 3771 490 3819 p.
512 3752 554 3803 39.

269 3848 279 3881 ²
323 3852 457 3904 Abbatcm
477 3852 561 3916 dico,
587 3852 673 3902 Cesar.
696 3869 725 3917 p.
744 3852 805 3903 330.
837 3847 879 3902 Cf.
910 3851 1021 3900 Dirrium
1042 3849 1109 3900 l'ter.
1130 3847 1194 3910 Hag.

230 3969 259 4014 p.
281 3948 344 4013 142.
381 3950 490 4016 Locus,
510 3954 560 4018 qui
582 3954 748 4018 respicitur,
771 3959 812 4002 est
834 3952 898 4004 Lib·
920 3951 962 4004 tt.
982 3951 1032 4016 Ep.
1051 3949 1093 4002 15.
1114 3949 1129 4014 §
1153 3948 1191 4012 4,

231 4050 280 4099 ubi
298 4049 351 4100 noi
366 4049 451 4101 literis
475 4050 581 4103 mutatis
604 4068 655 4117 pro
676 4051 822 4120 publicanus
844 4052 946 4116 legitur
971 4050 1125 4120 publicanis,
1147 4065 1193 4097 oo·
