2970 5144
670 647 708 706 15

209 825 393 902 nissimum,
420 847 436 886 a
462 825 525 886 reri
544 824 646 889 studio
669 825 949 910 remotissimum.l
976 825 1065 888 Idem
1089 837 1157 889 terr-

210 945 284 1010 tarit
309 945 342 1008 in
366 945 644 1022 annotationibus,
684 944 798 1031 quibus
826 945 975 1030 quasdam
1002 943 1162 1012 Ciceronis

208 1065 246 1129 cd
266 1065 405 1132 Atticum
428 1065 580 1156 Epistolas
600 1089 617 1129 a
638 1090 670 1130 se
692 1065 790 1131 editas
811 1069 955 1146 ornarit;
981 1089 1086 1132 rerum
1107 1091 1161 1157 pa·

208 1188 235 1249 ri
260 1209 331 1252 eum
363 1188 443 1252 mala
474 1190 559 1268 fide,
591 1189 743 1277 arripiens
762 1189 935 1255 aridissime
953 1211 1160 1279 quaecunque

162 1340 179 1352 -
207 1312 245 1376 ad
270 1312 385 1377 samam
405 1313 503 1377 Attici
523 1310 770 1377 labefactandam
792 1311 938 1401 colligere
955 1324 1094 1400 poterat,
1125 1324 1160 1376 ut

207 1436 286 1502 nulli
316 1438 382 1501 fere
410 1435 456 1499 rei
487 1437 582 1524 magis
614 1435 755 1498 animum
789 1433 930 1500 rideatur
961 1436 1161 1524 applicuisse.

209 1556 372 1622 Censorem
394 1557 518 1645 quidem
543 1569 650 1621 nactus
668 1552 733 1626 est²
750 1605 758 1633 ,
778 1556 830 1622 sed
851 1555 900 1620 rel
918 1556 961 1620 sic
983 1568 1087 1620 tamen
1104 1579 1163 1645 po·

208 1682 281 1747 steri
294 1682 359 1768 ejus
369 1679 543 1766 exemplum
557 1701 717 1766 perperam
730 1679 828 1743 secuti
840 1691 922 1744 sunt.
947 1677 984 1740 In
1002 1675 1050 1742 his
1062 1677 1161 1742 Mon·

203 1805 336 1893 gallius
350 1851 359 1882 ,
385 1802 440 1890 qui
452 1799 525 1865 licet
537 1801 677 1864 universe
689 1800 796 1863 mitius
808 1822 844 1863 ac
853 1801 956 1863 verius
968 1801 1161 1886 interpreta-

207 1937 258 1988 tus
289 1923 350 1998 sit}
381 1943 414 1984 re
446 1934 548 1985 tamen
575 1920 728 1986 decessori
759 1918 841 1982 nibil
873 1916 1001 1986 cedit³.
1038 1919 1162 1984 Exstitit

207 2046 356 2124 tandem,
377 2044 456 2132 qui,
477 2063 641 2131 suppresso
660 2043 811 2118 nomine,
834 2041 908 2105 item
931 2040 970 2104 de
990 2039 1090 2105 larici
1111 2042 1160 2105 iu-

206 2171 297 2260 genio
317 2168 519 2255 moribusque
541 2179 697 2253 aggressus
720 2175 765 2227 est
792 2160 950 2239 scribere,
974 2160 1159 2249 etquidem

207 2296 349 2371 ratione,
370 2305 405 2358 ut
420 2342 428 2370 ,
445 2288 628 2374 ceteroquin
648 2287 780 2352 Abbatis
802 2285 927 2374 vestigia
945 2286 1067 2376 egregie
1087 2309 1160 2376 pre-

209 2436 320 2491 mens,
352 2413 391 2476 ab
431 2434 468 2477 eo
490 2410 552 2474 boe
573 2410 700 2473 nomine
724 2408 932 2498 discreparet,
960 2424 1013 2488 ut,
1046 2411 1071 2474 si
1097 2433 1159 2496 qua

207 2548 327 2626 posset,
349 2509 628 2623 vituperationibus
659 2554 695 2598 nc
717 2531 891 2597 maledictis
921 2534 1087 2620 exagitaret
1108 2533 1158 2597 rel

206 2669 348 2747 augeret,
368 2679 450 2742 quae
474 2656 515 2718 eb
538 2653 665 2718 Abbate
687 2653 810 2718 luerent
834 2654 948 2716 intacta
976 2653 1082 2718 relicta
1111 2655 1159 2718 rel

203 2777 302 2844 lenius
322 2777 502 2864 dijudicata.

247 3019 255 3051 ¹
297 3021 334 3071 Gi.
346 3019 488 3084 Mongatttt
500 3018 661 3087 judicium,
676 3020 771 3086 Praef.
784 3019 818 3069 ad
831 3020 907 3069 Tom.
921 3019 1075 3084 clepone
1093 3020 1161 3072 Are.

240 3134 250 3167 a
296 3124 398 3173 Nomen
410 3117 508 3187 hujus,
520 3119 594 3185 quod
605 3120 663 3186 ipsa
677 3120 790 3186 scriptio
800 3135 853 3169 uon
864 3117 981 3184 profert,
996 3116 1051 3168 suit
1060 3119 1157 3168 Ratus-

202 3229 273 3284 seut‚
293 3227 359 3270 teste
371 3217 478 3286 Bayllo,
489 3220 563 3272 Diet.
575 3222 636 3271 hist.
647 3225 671 3272 et
682 3224 743 3272 erit.
754 3239 815 3272 voce
830 3224 954 3282 Arrrcus,
966 3198 1024 3272 uel.
1036 3221 1082 3273 xt.
1103 3223 1160 3287 Op-

201 3323 335 3392 pugnavit
353 3328 445 3372 autom
461 3321 615 3373 Cesarionem
638 3323 667 3371 in
696 3319 815 3384 libello,
846 3322 895 3384 qui
913 3319 1019 3386 prodiit
1038 3319 1071 3370 A.
1090 3321 1160 3372 1686

202 3422 392 3487 Eumenicae,
418 3423 568 3488 inscriptos
587 3422 622 3472 Le
640 3423 731 3472 Retour
748 3421 791 3471 des
809 3420 898 3470 Pieres
917 3419 1020 3471 eloin'es
1029 3458 1039 3484 ‚
1062 3441 1091 3470 ou
1110 3422 1157 3470 Bi·

197 3545 309 3590 garrures
320 3526 460 3587 cartenses,
482 3539 546 3588 pag.
565 3523 599 3574 32
612 3539 673 3588 sqq.
692 3523 776 3571 Consu
782 3538 810 3571 ra
822 3521 947 3586 opusculi
959 3529 1048 3572 exstat
1058 3522 1087 3572 iu
1099 3522 1129 3570 N
1129 3543 1157 3572 o·

204 3625 276 3675 vellis
298 3626 370 3692 Iterp.
382 3625 435 3686 lin,
447 3621 550 3672 Gallico
561 3621 641 3672 editis
655 3639 668 3669 a
680 3619 779 3687 Baylio
792 3623 824 3674 A.
837 3623 921 3686 1686,
941 3639 1002 3688 pag.
1016 3619 1082 3687 1405
1095 3639 1158 3688 sqq.

243 3721 254 3753 ³
293 3723 355 3772 viu.
379 3723 407 3772 iu
426 3721 526 3787 primis
544 3720 603 3790 ejus
622 3720 765 3788 Praefatio
784 3720 819 3770 ad
836 3722 913 3772 Tom.
931 3720 989 3784 11„
1011 3723 1059 3772 ubi
1078 3739 1163 3772 suam.

200 3825 233 3874 de
253 3823 337 3874 llttici
355 3819 463 3885 ingenio
482 3823 644 3873 sententiam
662 3823 793 3890 explicat.
811 3824 881 3873 Hanc
900 3830 1036 3890 receptam
1055 3823 1157 3875 videet

199 3923 418 3973 commendatam
438 3937 452 3970 u
474 3918 614 3972 Bernardo
633 3924 661 3973 in
685 3922 750 3974 Nor.
768 3923 840 3992 Ileip.
858 3925 898 3976 Iit.
917 3927 948 3975 A.
968 3925 1049 3988 1716,
1069 3943 1098 3990 p.
1108 3925 1160 3976 ‘298

199 4043 259 4092 sqq.
279 4033 306 4075 et
323 4028 472 4090 Graetero,
490 4029 567 4077 Tem.
586 4023 646 4075 111.
662 4029 726 4094 opp.
743 4024 852 4091 adAu„
872 4041 939 4090 quas
950 4032 1009 4091 post
1022 4021 1159 4073 Wi'rlaurli

199 4136 315 4180 mortem
336 4129 415 4180 edere
433 4130 577 4194 perrexit,
599 4145 626 4192 p.
647 4125 694 4177 183
715 4143 757 4192 sq.
