2970 5144
889 545 908 604 6

418 729 513 793 etiam
541 740 671 816 propter
700 727 863 814 utriusque
894 722 1064 788 amicitiam
1098 733 1310 812 exspectare.
1367 727 1406 790 ln

415 847 545 934 reliquis
556 848 641 913 enim
661 845 861 936 explanandis
882 848 965 932 ipse,
992 844 1122 910 saeculis
1142 845 1273 934 aliquot
1301 857 1405 912 aeta-

418 973 450 1034 t'e
471 979 628 1048 remotus,
658 969 791 1034 aliorum
826 965 1065 1030 commentarios
1084 965 1252 1032 consulere
1277 965 1405 1034 debuit
1461 1042 1464 1048 Ι

415 1101 446 1153 et
477 1112 534 1177 pro
566 1111 676 1155 eorum
697 1090 819 1154 minare
839 1088 902 1152 lide
922 1087 1019 1174 magis
1043 1085 1130 1166 falli3
1155 1085 1243 1176 quod
1289 1087 1398 1164 ideo,

417 1209 525 1297 siqua
548 1210 666 1274 factum
688 1220 808 1274 constat
821 1253 829 1286 ,
854 1209 884 1272 ei
906 1206 1016 1296 nequit
1030 1207 1105 1272 vitia
1128 1208 1219 1274 rerti.
1248 1207 1301 1274 Et
1324 1231 1403 1274 vero

419 1328 452 1392 ia
487 1328 585 1394 Attici
617 1329 690 1394 fatis
723 1342 754 1393 et
776 1328 917 1392 maribus
947 1327 1129 1393 enarrandis
1159 1350 1194 1393 re
1225 1349 1310 1394 rere
1338 1328 1403 1394 boe

419 1449 525 1537 Nepos
557 1450 733 1537 praestitit,
769 1463 805 1514 ut
836 1471 908 1513 cum
946 1447 1081 1536 eleganti
1114 1448 1257 1514 dictione
1293 1450 1401 1516 fidem

420 1569 570 1658 probaret
581 1592 649 1634 eam
664 1571 717 1646 ‚ia
739 1591 800 1657 qua
815 1619 824 1648 ,
848 1569 909 1633 nisi
919 1570 1009 1658 nugis
1021 1569 1177 1636 delectere
1188 1617 1198 1649 ,
1209 1593 1278 1636 noa
1292 1594 1400 1660 repe-

420 1692 506 1771 rias,
528 1693 738 1779 qacdmerito
757 1705 908 1788 tanquam
930 1691 1040 1758 falsum
1066 1694 1244 1783 suspiceris.
1273 1696 1398 1760 Insunt

419 1815 604 1902 paucissima
617 1865 626 1894 ,
647 1837 726 1903 quae
738 1816 856 1902 majore
872 1815 999 1878 fortasse
1012 1814 1175 1901 diligentia
1186 1816 1395 1904 scripsisset,

418 1935 444 1998 si
462 1933 608 1998 voluisset
631 1935 737 1998 omnia
759 1955 831 1998 cum
851 1932 1025 2020 pulrisculc
1047 1925 1235 2015 erbanrir03
1260 1936 1301 2002 id
1316 1959 1396 2002 vero

379 2129 383 2138 4
422 2054 540 2143 Nepoti
558 2075 616 2119 nec
637 2052 805 2118 consilium
826 2053 1190 2124 fuitnecnecessarinm.
1213 2056 1394 2124 Scribebat

420 2177 603 2266 aequalibus
623 2177 706 2254 suis,
730 2198 862 2265 quorum
885 2175 1029 2265 plerique
1060 2177 1200 2242 Atticum
1219 2200 1391 2267 cognore-

421 2311 515 2381 rant,
551 2312 634 2364 certe
656 2299 751 2365 lando
773 2300 813 2364 de
833 2321 869 2364 eo
896 2297 1097 2374 audiverant,
1120 2299 1305 2387 quibusque
1328 2321 1391 2375 ea,

422 2445 502 2511 quae
524 2423 643 2510 possint
664 2423 754 2488 nobis
776 2421 908 2509 alicujus
930 2419 1025 2508 pretii
1055 2418 1178 2498 videri,
1200 2439 1292 2486 secus
1316 2419 1391 2484 for-

422 2556 499 2609 tasse
533 2543 595 2608 visa
628 2544 742 2609 forent.
780 2542 870 2626 Quod
903 2552 1007 2606 autem
1040 2552 1148 2606 auctor
1165 2539 1306 2604 maxime
1329 2539 1392 2605 sibi

421 2663 583 2751 proposuit
596 2712 605 2741 ,
628 2660 689 2728 hoc
711 2663 772 2728 luit
785 2712 794 2741 ,
828 2673 888 2740 ut,
924 2671 1084 2750 querutum
1099 2671 1236 2749 parcet,
1268 2683 1391 2727 renam

420 2766 583 2869 adzcrnplia
601 2785 741 2846 lectores
763 2784 916 2861 doceret,
941 2788 1151 2870 suaseritque
1172 2804 1278 2848 mores
1307 2782 1389 2874 ple·

382 2953 390 2976 t
422 2925 559 2992 rumque
588 2907 772 2970 conciliare
795 2909 1004 2990 fortunam.¹
1059 2903 1142 2969 Hinc
1165 2902 1317 2969 historiae
1340 2903 1387 2968 le-

420 3024 511 3112 gibus
550 3026 653 3090 minus
695 3026 860 3092 tenebatur
901 3048 1003 3114 neque
1048 3026 1193 3089 omnibus
1241 3023 1386 3090 numeris

422 3143 561 3210 absoluta
582 3146 760 3211 narratione
781 3167 858 3236 opus
881 3145 1029 3213 habebat.
1062 3147 1098 3210 ld
1122 3158 1248 3224 tamen,
1281 3165 1381 3234 quum

420 3264 602 3353 aequalibus
614 3267 653 3332 de
665 3267 771 3334 Attico
783 3281 978 3356 exponeret,
1001 3266 1093 3332 simul
1125 3265 1155 3332 ei
1179 3278 1246 3330 erat
1268 3286 1382 3332 earea-

422 3386 523 3464 dum,
556 3411 594 3451 ne
621 3411 682 3475 qua
707 3389 739 3452 in
768 3411 802 3454 re
825 3390 921 3477 plecti
940 3391 1013 3476 jure
1034 3403 1065 3455 et
1087 3385 1229 3454 falsitatis
1252 3385 1379 3474 coargui

421 3519 534 3595 posset.
570 3507 706 3574 Proinde
738 3508 822 3573 haud
856 3509 989 3598 vulgaris
1022 3510 1051 3574 ei
1084 3507 1248 3596 multoque
1278 3507 1379 3592 major

422 3648 515 3714 quam
538 3626 570 3690 in
595 3627 663 3692 aliis
683 3628 753 3694 ritis
788 3651 861 3706 cura
886 3629 946 3694 luit
978 3628 1169 3697 adhibenda.
1218 3627 1260 3694 Ut
1285 3623 1377 3691 fami-

420 3745 503 3811 liaris
534 3746 627 3834 igitur
662 3771 730 3814 rera
763 3750 802 3814 de
829 3752 934 3816 Attico
954 3753 1088 3817 scribere
1111 3750 1229 3838 optime
1249 3748 1374 3836 potuit,

461 4014 469 4048 ¹
511 4019 565 4071 Vt'r.
582 4021 633 4070 Aac.
652 4041 675 4071 c.
695 4023 740 4073 xl.
760 4024 783 4090 l.
802 4025 837 4085 6,
857 4043 881 4075 c.
901 4023 968 4076 xlx.
988 4027 1000 4093 §
1022 4029 1046 4077 l.
