3042 5140
790 633 855 696 208

346 821 467 898 ruptus.
515 809 699 876 Schuetaius
730 810 821 897 ejecit
852 833 959 878 vocem
986 823 1118 903 postea.
1169 814 1302 886 0reltius

344 953 401 1022 pro
426 941 548 1022 postea
576 935 612 996 io
635 936 836 1022 praesentia
863 933 998 1021 conjecit
1019 941 1301 1026 postprmnozpia,

344 1052 472 1119 laudans
506 1053 609 1118 locum
641 1053 675 1116 in
695 1051 855 1118 Sestiana
890 1060 907 1142 §
935 1054 1019 1134 118,
1050 1055 1105 1120 ubi
1129 1057 1206 1123 item
1225 1082 1302 1138 cone

339 1175 514 1260 junguntur
537 1174 627 1238 verba
640 1178 897 1264 postprinor'pia
915 1187 946 1240 ct
966 1179 1100 1257 exitus,
1120 1179 1194 1250 coll.
1211 1181 1301 1255 Varr.

344 1295 415 1362 Lib.
441 1293 502 1359 111.
529 1291 573 1360 lt.
597 1291 641 1357 R.
667 1315 696 1360 c.
724 1297 756 1360 4.

682 1510 933 1520 ...p—.—

390 1657 516 1722 Praeter
535 1655 612 1720 haec
626 1654 864 1743 Epistularum
882 1655 1053 1744 fragmenta
1065 1658 1104 1722 de
1118 1659 1218 1726 Attici
1226 1662 1303 1726 sori-

346 1777 407 1868 ptis
422 1775 508 1840 nulla
530 1786 705 1863 supersunt.
739 1773 880 1840 Tantum
901 1775 941 1840 de
961 1779 1096 1844 Annali
1119 1782 1185 1867 ejus
1206 1805 1303 1871 quae-

347 1898 420 1962 dam
446 1895 530 1984 apud
559 1894 702 1983 antiquos
735 1894 954 1975 inveniamur,
978 1897 1030 1962 sed
1054 1899 1235 1988 fragmentis
1256 1915 1306 1968 ta·

348 2041 444 2096 meu,
479 2015 606 2105 proprie
644 2014 687 2080 ita
729 2012 842 2092 dictis,
880 2036 941 2078 non
981 2029 1052 2080 sunt
1094 2041 1304 2086 annumeran-

349 2141 387 2204 da
426 2142 453 2205 ¹.
513 2135 704 2203 Testimonia
736 2147 807 2208 sunt
846 2147 986 2200 veterum
1000 2181 1010 2215 ‚
1054 2137 1167 2225 quibus
1197 2141 1302 2206 obiter

350 2257 530 2333 declarant,
556 2255 634 2343 quid
665 2254 705 2318 de
739 2254 824 2342 ipsa,
861 2277 956 2343 quam
990 2269 1145 2338 tractant,
1180 2283 1215 2326 re
1240 2262 1304 2330 At-

349 2379 429 2443 tiens
470 2379 502 2440 in
540 2375 672 2441 Arznoli
706 2398 760 2441 suo
792 2377 961 2444 memoriae
992 2379 1177 2468 prodiderit.
1225 2384 1304 2450 Inde

350 2501 444 2590 igitur
465 2496 640 2587 exposuisse
664 2519 736 2562 eum
760 2498 901 2562 novimus

395 2624 423 2691 Ι.
448 2623 589 2689 Romam
619 2621 785 2686 conditam
820 2620 1034 2711 Olympiadis
1071 2632 1187 2688 sextae
1215 2613 1304 2690 auno

351 2753 463 2816 tertio,
523 2747 682 2835 [Solinus‚
716 2747 886 2833 Polytist.
923 2771 951 2816 c.
988 2750 1032 2817 ΙΙ.
1068 2751 1120 2821 ed.
1156 2751 1301 2840 Salmas]

303 2868 305 2874 ’
351 2871 459 2936 Refert
496 2867 644 2945 Solinus,
679 2867 763 2931 idem
798 2848 949 2957 placuisse
981 2870 1029 2938 M.
1062 2871 1189 2952 Tullio;
1225 2897 1304 2963 qua.

350 2998 479 3076 propter
510 2987 548 3049 A.
582 2984 681 3070 Majns
708 2983 809 3048 Solini
831 2985 935 3055 locum
963 2987 996 3050 in
1027 2988 1160 3054 dubium
1191 2993 1303 3070 traxit,

351 3103 410 3172 nisi
441 3102 511 3193 quis
539 3112 672 3165 statuere
704 3102 818 3183 malit,
848 3105 941 3168 rerba
972 3103 1129 3172 Ciceronis
1150 3109 1303 3197 spectari,

349 3226 444 3291 hodie
472 3222 643 3311 deperdita.
692 3221 787 3288 Notat
809 3221 888 3290 haec
912 3237 942 3290 et
964 3224 1022 3289 alia
1046 3226 1084 3290 ad
1107 3226 1180 3296 Lib.
1199 3229 1243 3296 11.
1265 3230 1306 3294 de

352 3348 437 3436 Rep.
474 3366 503 3413 c.
537 3345 602 3420 10,
637 3342 690 3406 ubi
719 3342 763 3408 sic
787 3342 986 3432 laginiam«
997 3345 1096 3412 Roma
1122 3349 1247 3414 condita
1278 3362 1304 3416 st

351 3464 487 3532 seeundo
511 3485 592 3529 anno
613 3461 807 3551 Olympiadis
836 3477 1036 3554 septumae».
1083 3466 1172 3534 Nihil
1200 3480 1305 3556 tame-u

352 3587 506 3677 impedit,
536 3587 703 3675 quominus
734 3586 773 3650 de
808 3587 914 3653 Attico
943 3601 1026 3654 recte
1059 3588 1203 3655 Solinnm
1232 3612 1305 3678 pro·

353 3708 509 3774 nuntiasse
538 3706 697 3789 dicamus,
723 3706 845 3774 etiamsi
874 3707 941 3773 falli
969 3709 1001 3772 in
1022 3707 1173 3778 Cicerone
1194 3723 1306 3800 potue·

391 3901 401 3934 ¹
442 3905 509 3954 Ilaec
537 3904 640 3959 partim
672 3901 784 3956 collecta
813 3913 876 3956 suut
899 3908 933 3956 ab
951 3906 1070 3962 Ausonio
1088 3909 1260 3976 sivePopma
1279 3917 1306 3960 et

238 4003 254 4010 ”
350 4003 529 4059 inveniuntur
556 4004 584 4054 in
604 4008 751 4071 fragmentis
769 4005 953 4071 historicorum,
972 4024 1042 4074 quac
1060 4007 1227 4060 editionibus
1246 4007 1306 4058 sat-

352 4105 430 4158 iustii
448 4105 589 4161 Cottianae
608 4112 634 4155 et
653 4104 898 4172 Havercampianae
917 4106 1043 4174 adjuncta
1063 4117 1133 4160 snut.
