3042 5146
778 591 851 651 442

334 774 432 852 dnm,
473 791 544 836 enm
580 769 612 832 in
644 766 783 832 amicitie
816 767 957 835 atticum
991 770 1105 850 inisse,
1138 775 1193 862 qui
1225 776 1293 867 ipse

334 897 577 984 uniuscnjusque
619 891 755 960 amioum
790 913 822 956 se
856 890 1039 974 simularet,
1073 917 1291 988 unumquem-

332 1038 394 1107 que
418 1013 555 1080 amioum
579 1034 613 1076 re
636 1033 708 1081 tera
731 1010 883 1092 haberet,
909 1035 1003 1095 eum,
1028 1017 1107 1106 qui,
1130 1023 1289 1090 omnisad

330 1163 361 1206 se
386 1139 543 1214 referens,
567 1134 628 1200 suis
652 1135 744 1202 unioe
755 1135 848 1201 rebus
862 1137 1054 1223 provideret.
1102 1142 1149 1208 Ita
1161 1143 1290 1214 demum
1388 1127 1391 1136 Δ

332 1263 401 1328 fieri
434 1260 593 1351 potuisse,
627 1270 661 1324 ut
696 1256 832 1324 Marium
856 1271 951 1348 atque
974 1259 1116 1342 Sullam,
1141 1262 1289 1334 Clodium

332 1398 427 1473 etque
464 1379 667 1460 Ciceronem,
704 1378 877 1446 Antonium
900 1393 995 1469 atque
1019 1382 1152 1449 Brutum
1177 1385 1289 1456 eodem

333 1518 474 1593 tempore
498 1501 614 1568 coleret
629 1503 658 1567 ¹.
706 1498 794 1565 Nihil
817 1498 895 1566 haee
920 1501 1053 1570 obstant.
1102 1504 1213 1572 Omnes
1232 1530 1289 1595 pa.

332 1628 408 1692 riter
449 1626 515 1714 ejus
557 1622 805 1688 benevolentiam
841 1623 1000 1714 iidemque
1028 1648 1189 1716 nunquam
1224 1651 1287 1695 non

330 1765 401 1819 sunt
429 1750 561 1839 experti.
610 1746 785 1813 eandorem
809 1757 914 1812 antem
939 1747 1036 1812 animi
1055 1770 1093 1812 eo
1113 1747 1180 1837 ipso
1215 1771 1287 1815 ms·

334 1876 415 1940 rimo
450 1869 611 1961 prodidit,
641 1867 748 1958 quod,
782 1867 865 1934 inter
887 1881 950 1933 tam
971 1868 1190 1936 diversissimas
1210 1893 1286 1960 par-

333 2010 378 2061 tes
400 1994 603 2080 interjectus,
628 2010 787 2076 nunquam
811 1987 889 2052 ullae
899 1988 1041 2054 offendit.
1067 1989 1174 2056 Talem
1188 2014 1285 2080 quum

330 2112 594 2184 Atticum-Cicero
605 2109 816 2199 cognovisset,
841 2112 947 2176 testari
958 2112 1075 2177 merito
1085 2125 1230 2201 poterat,
1253 2136 1286 2180 se

328 2238 376 2304 rei
400 2235 537 2330 piurima
570 2230 672 2296 vinela
706 2252 843 2296 summae
879 2254 949 2298 oum
976 2232 1031 2298 iiio
1055 2236 1284 2322 conjunctionis

328 2370 456 2448 optare,
480 2354 538 2420 etsi
559 2366 659 2420 essent
682 2353 794 2444 amoris
817 2353 989 2420 artissima:
1017 2365 1137 2420 tantum
1155 2355 1281 2436 abesse,

328 2493 363 2546 ut
383 2502 418 2544 er
442 2499 502 2556 eo,
524 2497 587 2564 quo
606 2474 746 2540 adstricti
766 2484 887 2553 essent,
910 2472 1004 2537 laxari
1015 2473 1135 2562 aliquid
1145 2475 1278 2544 vellem.

326 2602 494 2670 Neminem
515 2599 598 2662 enim
621 2596 782 2674 habebat,
805 2617 846 2659 ne
870 2616 901 2660 se
922 2591 1050 2682 quidem
1072 2594 1174 2684 ipsum
1187 2644 1196 2673 ,
1209 2596 1280 2683 qui·

325 2747 398 2792 enm
423 2735 485 2790 tam
499 2719 645 2786 andaoter
665 2716 768 2782 omnia
779 2737 832 2780 sua
844 2714 1091 2780 communicaret
1102 2737 1197 2804 quam
1207 2737 1278 2782 oum

328 2848 431 2913 Attico
447 2851 477 2922 ³,
489 2857 524 2908 ut
536 2841 613 2906 adeo
624 2861 696 2905 oum
708 2837 769 2918 imo
780 2850 928 2925 tanquam
940 2857 1043 2902 seeum
1055 2834 1236 2923 loqueretur
1250 2839 1278 2904 ⁴.

322 2967 401 3034 Inde
420 2963 546 3030 tandem
569 2971 711 3025 constans
732 2980 796 3022 esse
818 2956 928 3024 intima
947 2957 1000 3022 illa
1028 2957 1165 3024 amicitia
1176 2959 1278 3046 potnit

322 3111 360 3156 ae
390 3097 498 3151 mutua
520 3080 682 3170 utriusque
701 3078 898 3157 aestimatio,
933 3100 1027 3168 quam
1049 3078 1172 3169 peperit
1203 3078 1277 3145 ado·

320 3208 490 3285 lescentia,
537 3201 635 3270 virilis
656 3203 733 3268 aluit
765 3214 846 3268 aetas
879 3213 913 3266 et
943 3203 1102 3283 firmarit,
1135 3215 1278 3270 seneotus

321 3335 361 3400 ad
392 3351 549 3400 summum
576 3325 704 3394 adduxit
723 3326 808 3392 floris
831 3324 1007 3415 vigorisque
1029 3324 1199 3414 fastigium.

360 3478 369 3512 ¹
410 3484 483 3536 Dior.
500 3485 541 3534 lit.
558 3481 623 3545 Hag.
640 3497 669 3547 p.
689 3477 738 3544 143
752 3494 760 3544 3
776 3476 923 3539 Bernnrd‚
942 3475 1005 3526 Nor.
1026 3478 1088 3544 reip.
1099 3475 1139 3525 tir.
1148 3509 1158 3538 ,
1177 3493 1205 3541 p.
1217 3474 1279 3527 299.

317 3588 413 3639 Obiter
439 3586 560 3636 Atticum
579 3581 631 3632 hoe
649 3581 707 3646 ipsa
727 3581 858 3630 derauso
877 3577 968 3645 carpit
987 3575 1097 3628 Aireken
1116 3574 1279 3642 l.1.p.89

319 3690 349 3739 in
368 3693 442 3740 note.

356 3781 368 3818 ²
409 3787 471 3840 nib.
486 3787 517 3837 tf.
535 3785 585 3851 Ep.
605 3783 630 3834 2.
650 3782 663 3850 S
684 3785 709 3832 l.
726 3777 776 3831 cff.
793 3795 856 3828 cum
876 3775 927 3828 hoe
945 3775 1005 3828 loeo
1023 3777 1085 3830 nib.
1103 3772 1234 3839 x11.1ep.
1254 3772 1280 3824 3.

320 3881 579 3954 sums-tt·

360 3973 372 4019 '³
410 3981 755 4050 mn.x11.ap.3o.§1.

358 4085 370 4121 ι
408 4085 469 4138 mn.
486 4083 564 4134 mn.
582 4085 629 4152 ep.
652 4080 773 4148 raso.
879 4079 883 4084 ·
