3042 5140
666 590 733 654 209

207 769 263 836 rit.
309 766 451 832 Eandem
471 778 555 832 certe
577 771 761 834 seutentiam
773 817 784 848 ,
808 793 903 858 quam
926 771 1031 838 Attico
1042 735 1169 838 Solinus

208 889 380 967 adscribit,
405 888 459 953 alii
483 909 609 977 quoque
627 901 698 955 suut
718 890 873 978 amplexi,
897 893 930 956 iu
943 891 1057 981 quibus
1068 890 1168 958 Attici

208 1010 346 1100 aequalis
375 1020 407 1073 et
436 1008 597 1074 familiaris
628 1009 745 1094 Varro,
783 1025 817 1076 ut
845 1013 918 1079 satis
952 1027 1063 1079 notum
1097 1026 1165 1096 θεῖς

208 1131 289 1198 Veli.
314 1131 382 1195 Pat.
410 1129 482 1196 Lib.
505 1129 534 1197 Ι.
559 1152 587 1196 c.
613 1135 655 1210 83
683 1131 853 1220 Eutropius
875 1133 947 1203 Lib.
973 1136 1000 1202 l.
1025 1158 1054 1203 c.
1083 1136 1167 1216 1.t;

206 1251 369 1318 Plutarch.
405 1250 494 1316 Vita
526 1249 622 1316 Rom.
646 1275 674 1316 c.
700 1250 776 1320 Xll.
802 1250 854 1322 cf.
878 1251 1023 1343 Onuphr.
1047 1256 1165 1322 Pausi-

206 1378 299 1456 nius,
334 1377 387 1445 ed.
418 1375 497 1441 Veu.
535 1377 574 1440 A.
603 1377 702 1440 1558.
738 1399 774 1464 p.
800 1378 840 1442 17
866 1397 937 1464 sq.,
961 1378 1017 1465 qui
1037 1389 1164 1466 praeter·

205 1496 299 1562 hosce
322 1495 458 1560 sedecim
470 1494 545 1560 alios
564 1495 668 1560 laudat
689 1497 876 1585 scriptores,
901 1499 956 1587 qui
976 1499 1061 1564 illam
1079 1523 1166 1564 aom-

204 1641 330 1686 mnnam
339 1620 464 1709 papali
475 1618 572 1686 Rom.
584 1628 666 1707 past
678 1618 857 1688 Caesarem
868 1621 1055 1687 senteutiam
1065 1623 1164 1690 secuti

204 1758 286 1812 suut.
334 1745 423 1810 Idem
449 1765 578 1831 scrop.
605 1746 646 1808 16
672 1743 753 1808 iuter
784 1763 858 1822 eos,
877 1744 1163 1832 quosinuarraada

204 1864 332 1932 Romuli
365 1864 519 1952 Remique
542 1865 662 1953 origine
684 1878 715 1930 et
737 1864 922 1933 educatione
945 1879 1086 1934 auctores
1104 1865 1165 1932 ha-

203 1990 299 2069 buit,
323 1988 466 2056 Atticum
494 1987 653 2067 nominat;
681 1989 713 2053 iu
746 2010 808 2076 quo
832 1988 857 2052 si
889 1988 981 2054 falsus
1010 2002 1164 2068 nonest,

204 2109 311 2196 legere
334 2110 367 2174 iu
390 2109 488 2176 Attici
509 2110 642 2179 Annali
663 2109 795 2187 debuit,
821 2133 901 2198 quae
920 2133 975 2175 nos
993 2110 1103 2180 latent.

249 2231 292 2297 ll.
318 2232 363 2300 P.
378 2231 526 2297 Valerio
540 2232 662 2298 Volesi
671 2233 756 2316 filio
766 2232 961 2298 Publicolae
980 2235 1079 2298 aedes
1091 2257 1161 2323 pu·
1240 2259 1244 2266 ·

205 2354 313 2418 blz'cas
325 2355 385 2416 snb
404 2353 533 2432 Velia,
557 2354 613 2418 ubi
627 2362 749 2440 postea
758 2355 859 2420 aedes
872 2355 1053 2420 Victoriae
1062 2357 1139 2443 fuit
1151 2406 1163 2436 ,

195 2478 358 2565 popnlrtm
379 2501 420 2541 ea·
444 2478 517 2566 lege
528 2525 538 2556 ,
563 2499 658 2561 qnam
684 2480 758 2562 ipse
776 2474 922 2559 tulerat,
947 2484 1162 2546 concessisse.

206 2597 335 2684 [Asson.
359 2599 435 2664 Ped.
462 2599 500 2663 ad
527 2596 593 2664 Cic.
624 2595 724 2663 Orat.
753 2601 790 2660 in
819 2596 862 2664 L.
886 2594 963 2661 Pis.
988 2617 1017 2662 c.
1042 2596 1162 2678 XXII,

202 2718 271 2786 Vol.
311 2720 347 2786 V.
381 2741 414 2807 p.
454 2723 542 2786 2723
576 2717 627 2785 ed.
662 2716 829 2804 Verburg.]
869 2717 993 2804 Lipsius
1015 2717 1086 2783 Lib.
1112 2717 1158 2786 ll.

202 2841 295 2932 app.
323 2842 383 2930 up.
411 2844 466 2912 lt.
490 2861 547 2928 pro
583 2861 624 2902 ex
654 2839 728 2926 lege
760 2837 882 2902 mavult
914 2859 953 2900 ea
983 2839 1067 2928 lege.
1103 2838 1158 2908 ,lte

203 2961 329 3026 Valerio
360 2961 411 3028 eff.
444 2983 524 3050 quae
556 2961 698 3027 scribunt
721 2959 827 3026 Livius
850 2959 923 3029 Lib.
949 2961 994 3031 ll.
1017 2983 1050 3030 c.
1074 2963 1155 3044 rf.;

205 3082 365 3150 Plutarch.
391 3088 452 3152 nit.
477 3084 609 3171 Poplia.
635 3103 665 3148 c.
692 3081 732 3150 Χ.

242 3203 307 3271 Ill.
333 3203 427 3270 Duos
457 3203 622 3268 Tribunos
639 3201 778 3280 Plebis,
805 3202 846 3270 L.
869 3199 1036 3267 Sicinium
1055 3205 1095 3270 L.
1115 3207 1159 3273 F.

206 3325 244 3388 V
244 3329 366 3390 elutum
379 3374 389 3405 ,
400 3326 455 3392 ,L
470 3325 612 3394 Jrcnr'nm
636 3322 674 3390 C.
686 3323 731 3388 F.
756 3321 994 3404 Patercalnm,
1010 3332 1162 3412 primum
1230 3383 1233 3388 .

198 3459 333 3515 creatos
355 3452 483 3537 saissa.
535 3447 662 3536 [Ascon.
692 3445 729 3510 ad
768 3444 866 3510 Orat.
891 3466 960 3534 pro
994 3444 1031 3512 0.
1058 3445 1163 3516 Corn.

198 3570 271 3638 Vol.
306 3570 366 3637 tt.
400 3593 434 3658 p.
473 3565 587 3652 troc]
638 3565 754 3632 Statuit
785 3564 870 3631 idern
897 3561 1007 3630 Cicero
1036 3577 1067 3628 et
1089 3578 1162 3632 aute

196 3667 369 3777 utrumque
400 3692 433 3756 iu
468 3690 779 3754 commentariorum
811 3685 899 3752 libris
936 3683 980 3772 IG.
1011 3686 1160 3777 Sempro-

195 3809 265 3874 nius
293 3811 488 3892 Tuditanus,
524 3821 600 3877 teste
634 3809 780 3876 Asconio.
827 3809 934 3874 Livius
956 3823 1060 3876 autern
1083 3809 1166 3876 duos

195 3929 352 3996 Tribunos
383 3932 486 3998 Plebis
520 3944 639 3997 creatos
676 3951 739 3996 esse
770 3931 890 4010 refert,
929 3929 966 3997 C.
999 3930 1158 3998 Licinium

191 4063 223 4115 et
258 4051 296 4121 L.
328 4052 493 4122 Albinum.
542 4053 606 4120 Hos
644 4065 703 4118 tres
726 4050 857 4140 collegas
880 4051 939 4116 sibi
964 4073 1099 4132 creasse,
1125 4053 1161 4118 in

1009 4177 1046 4229 tt
