3042 5146
673 603 745 701 tae*

223 843 276 886 me
298 829 382 884 certe
402 816 443 882 ad
456 816 585 884 exitium
605 817 866 907 praecipitantem
879 818 1078 902 retinuisses;
1103 823 1176 890 istos

221 937 368 1018 labores,
403 960 481 1028 qnos
510 959 595 1004 nunc
622 937 655 1002 in
682 939 852 1029 naufragiis
881 941 992 1006 nostris
1026 944 1175 1036 suscipis,

175 1076 178 1084 ’
221 1085 285 1126 non
309 1061 472 1128 subisses»
487 1063 516 1128 ¹.
563 1059 644 1126 Sane
674 1061 761 1127 locus
784 1061 842 1128 iste
863 1062 949 1150 prius
982 1061 1067 1128 dicto
1096 1088 1176 1153 quo·

221 1181 393 1249 dammodo
434 1181 614 1246 subuertere
646 1180 812 1270 iidemque¹
835 1179 966 1270 Nepotis
1005 1182 1176 1272 infringere

219 1305 342 1369 ridetur
359 1307 388 1368 ².
446 1300 537 1384 Quod
564 1300 648 1366 eninr
682 1299 871 1368 luculentius
902 1297 1043 1366 exhiberi
1075 1301 1174 1369 docu-

219 1436 361 1490 mentum
403 1421 519 1509 possit,
563 1443 657 1511 quem
697 1423 794 1510 ipsius
829 1420 986 1528 Ciceronis
1018 1427 1172 1490 contraria

218 1545 284 1608 lere
322 1541 511 1608 statuentis?
570 1539 701 1606 decedit
732 1541 848 1620 etiem,
887 1543 972 1631 quod
1003 1543 1127 1611 Atticus
1154 1570 1211 1610 a.v

218 1661 370 1728 Cicerone
395 1660 537 1748 saepius,
562 1672 598 1724 ut
619 1661 658 1725 ad
675 1683 706 1726 se
728 1661 999 1751 proficisceretur,
1023 1679 1168 1756 topatus,

215 1782 311 1850 amici
329 1802 436 1872 preces
457 1792 502 1845 est
534 1785 713 1868 aspernatus
733 1793 765 1848 et
798 1803 838 1845 ne
870 1784 1063 1871 respondisse
1097 1791 1168 1878 qui·
1266 1775 1271 1786 ,

217 1906 289 1970 dem
307 1903 344 1969 ad
364 1925 414 1970 eas
441 1902 576 1968 ridetur.
625 1901 716 1986 Quod
745 1904 847 1991 ipsum
873 1901 1052 1972 dubitatum
1087 1907 1170 1989 luit,

216 2051 256 2093 an
283 2049 345 2091 uon
368 2024 466 2090 tribui
496 2024 608 2089 debeat
629 2025 710 2088 mori
732 2025 857 2089 cuidem
882 2025 1005 2106 Attici,
1029 2051 1092 2118 quo
1115 2029 1169 2096 Gi-

217 2149 324 2216 ceroni
346 2147 476 2237 quidem
500 2169 537 2211 er
560 2146 705 2210 omnibus
733 2145 843 2212 amieis
861 2148 996 2212 maxime
1025 2147 1169 2238 diligeret

215 2283 248 2338 et
275 2270 436 2358 adjuraret
448 2317 458 2348 ,
483 2267 536 2332 sed
559 2266 590 2331 id
612 2277 734 2331 careret
753 2287 895 2356 semper,
930 2288 970 2332 ne
991 2290 1023 2334 se
1042 2269 1170 2358 pericu-

215 2390 252 2455 lis
273 2391 346 2456 dare
370 2403 533 2478 cogeretur
550 2389 697 2476 vitaeque
717 2387 977 2477 tranquillitatem
997 2393 1124 2459 turbare
1138 2399 1168 2464 ³.

217 2510 404 2595 Videamus,
434 2509 571 2598 quidde
602 2509 667 2574 istis
698 2509 937 2576 existimandum
958 2513 1009 2582 sit.

260 2631 308 2696 ad
322 2626 494 2719 posteriora
517 2628 594 2717 quid
615 2629 794 2694 summatim
805 2630 988 2719 responderi
1000 2646 1165 2721 oporteat,

212 2749 244 2812 in
272 2749 484 2839 superioribus
505 2770 555 2814 mc
574 2749 727 2839 attingere
747 2751 889 2818 memini.
938 2753 1060 2819 Atticus
1081 2756 1166 2824 enirn

211 2873 292 2937 bene
311 2870 443 2951 viderit,
467 2895 498 2937 se
512 2919 521 2951 ,
534 2869 718 2938 Ciceronem
731 2873 756 2938 si
768 2873 800 2936 in
812 2872 954 2940 exsilium
965 2888 1167 2964 sequeretur,

249 3185 259 3220 ¹
300 3179 361 3228 Lib.
379 3174 432 3228 lll.
450 3178 499 3243 Ep.
519 3175 561 3227 15.
580 3174 593 3242 l
612 3176 637 3228 7·
656 3169 697 3224 Cl.
717 3173 731 3241 §
750 3172 776 3238 4.

247 3276 258 3309 ²
298 3279 381 3330 l’aulo
398 3277 587 3345 impudentius
606 3293 636 3324 oo
654 3276 786 3341 processit
804 3272 826 3322 l.
845 3272 867 3324 l.
878 3274 970 3324 Abbas
983 3275 1015 3323 dc
1027 3275 1164 3341 sr.1te'al,

211 3388 243 3430 ut
262 3379 344 3442 haec,
363 3379 492 3445 Nepotem
512 3373 677 3439 respiciens,
702 3371 917 3438 pronuntiaret:
938 3369 996 3422 eJe
1014 3391 1044 3423 ne
1059 3377 1165 3444 persas..

208 3501 247 3531 ser
278 3479 393 3536 admirer,
408 3480 428 3528 l’
457 3476 603 3545 Impudenee
630 3474 660 3524 de
689 3483 731 3523 cet
754 3470 891 3535 Eetinain,
911 3471 996 3522 d’dser
1012 3491 1117 3552 drances·
1131 3493 1164 3526 us

210 3579 269 3628 Fata
285 3580 309 3628 si
331 3579 438 3649 positis,
468 3577 529 3626 dans
555 3594 587 3624 urs
615 3575 724 3640 Ourrage
736 3609 748 3640 ,
781 3574 809 3622 ori
827 3573 850 3623 r'l
862 3573 934 3642 parle
953 3592 1011 3624 auec
1035 3575 1103 3642 e'loge
1121 3576 1163 3628 des

171 3739 174 3746 ι
210 3680 302 3730 lettres
323 3697 369 3747 que
387 3677 489 3727 ciceron
508 3677 621 3725 ae'ert'tes
638 3675 652 3722 d
670 3692 712 3723 sors
731 3673 829 3733 He'ros;
845 3671 953 3742 pendant
969 3693 1013 3744 pue
1024 3676 1164 3727 cesrndmes

211 3781 304 3833 lettres
337 3779 417 3830 disent
444 3789 494 3828 tout
520 3779 544 3827 lo
563 3776 701 3838 contraire,
721 3785 745 3826 et
761 3775 867 3846 qu’elles
884 3786 937 3824 sont
950 3777 1046 3844 pleines
1064 3777 1094 3826 de
1112 3779 1164 3826 lle-

209 3883 334 3952 procles,
364 3891 390 3929 et
413 3879 442 3927 ds
469 3877 585 3928 Pluintes
612 3873 661 3924 tris
681 3873 759 3937 justes
776 3885 801 3923 et
817 3874 865 3922 tris
876 3881 958 3936 sortes
968 3910 979 3939 ,
998 3895 1043 3943 qne
1061 3876 1163 3927 Ciceros

205 4003 227 4050 y
234 3984 291 4044 sor't
309 3981 333 4028 d’
353 3949 449 4032 Atticus
467 3982 481 4028 t
500 3978 595 4030 Atticus
613 3977 724 4032 statmo»,

300 4081 456 4149 Suspicatus
474 4081 504 4132 id
523 4085 561 4130 cst
592 4076 776 4129 ttiddlctonus
790 4107 799 4138 ,
815 4077 892 4132 'l'orn.
914 4073 937 4128 l.
954 4097 984 4145 p.
1006 4080 1069 4131 42²2.
