3042 5140
709 621 769 681 157

256 790 323 858 Nec
341 815 412 857 uero
435 795 574 882 quamuis
586 795 717 860 subinde
737 797 911 887 Epicurum
925 801 972 865 rel
993 803 1141 890 cogitaret
1163 806 1209 870 rel

257 928 443 982 memoraret
454 965 462 996 ,
473 923 514 1000 μὴ
527 918 745 986 πολιτεύεσθαι
762 921 1009 1009 praecipientem
1026 927 1102 1001 ¹,er
1113 926 1209 990 animi

256 1034 317 1100 hoe
337 1035 448 1102 inertia
469 1037 741 1123 proficiscebatur,
766 1038 819 1103 sed
841 1062 877 1104 ex
900 1040 1050 1129 prudenti
1081 1055 1112 1107 et
1134 1067 1209 1109 oon·

254 1156 387 1222 siderate
408 1158 519 1248 agendi
547 1158 689 1238 ratione,
724 1158 881 1248 adquam
912 1157 1095 1226 Ciceronem
1131 1186 1211 1251 quo-

255 1300 337 1366 que,
373 1279 425 1343 cui
453 1301 506 1342 sua
529 1279 662 1344 maxima
683 1279 814 1345 ambitio
835 1302 926 1368 saepe
957 1279 1070 1345 multas
1098 1304 1209 1370 parere

181 1451 185 1458 .
253 1398 370 1464 solebat
389 1399 543 1463 molestias
562 1449 572 1478 ,
594 1421 703 1463 uocare
725 1399 824 1464 amice
845 1416 1056 1469 consueuerat.
1113 1400 1210 1491 Cujus

217 1505 222 1512 ’
254 1541 326 1606 ergo
345 1539 483 1582 summae
503 1519 671 1606 Pomponii
698 1518 730 1583 in
751 1518 890 1607 politicis
910 1523 1002 1586 rebus
1022 1523 1208 1611 prudentiae

250 1643 404 1706 rationem
433 1640 570 1720 habeus,
616 1641 719 1729 Nepos
753 1640 960 1706 admiratione
991 1642 1100 1730 plenus
1130 1642 1207 1708 hoec

251 1763 361 1829 effatur
378 1767 407 1830 ².
430 1785 455 1826 a
467 1735 582 1846 Quodsi
594 1761 827 1849 gubernator»,
855 1761 981 1849 inquit,
1006 1763 1207 1851 «praecipua

249 1882 341 1948 lande
375 1883 496 1961 fertur,
528 1881 710 1971 quinarem
735 1880 897 1947 exhieme
918 1883 1061 1972 marique
1093 1908 1206 1966 seopu-

249 2005 313 2070 lcso
331 2017 449 2072 serrat:
476 2027 532 2070 cur
550 2027 613 2070 non
631 2003 793 2093 singularis
824 2005 891 2092 ejus
919 2003 1111 2070 existimetur
1128 2028 1204 2092 pru-

249 2125 355 2189 dentia
373 2173 382 2206 ‚
408 2125 462 2214 qui
476 2147 512 2189 ex
533 2138 579 2191 tot
596 2138 725 2213 tamque
740 2125 883 2214 gravibus
904 2125 1047 2214 procellis
1063 2125 1207 2192 civilibus

250 2247 292 2310 -ad
316 2246 564 2311 incolumitatem
586 2247 753 2335 pervenit?
774 2272 794 2311 >r

293 2365 588 2453 Sufficiuntutique
620 2362 698 2429 haec
717 2364 756 2427 od
789 2364 917 2452 politica
952 2365 1049 2431 Attici
1079 2367 1206 2433 consilia

247 2486 472 2553 adumbrantia.
523 2485 614 2570 Quod
636 2487 660 2548 si
682 2485 752 2573 quis
784 2496 856 2573 post
878 2484 999 2563 omniu,
1024 2509 1104 2574 quoe
1126 2486 1203 2553 huc·

245 2631 345 2697 usque
380 2607 417 2672 ad
451 2607 508 2671 riri
537 2619 604 2672 turn
637 2607 718 2672 faeta
752 2619 816 2671 tum
850 2605 1010 2693 ingenium
1044 2619 1075 2672 et
1102 2629 1204 2675 mores

244 2733 457 2822 cognoscenda
490 2730 717 2823 congessimus,
763 2729 871 2818 paucis
906 2725 1074 2815 complecti
1104 2729 1203 2794 attici

247 2855 415 2943 imaginem
435 2853 532 2930 velit,
558 2851 681 2942 qualem
703 2873 733 2914 se
755 2863 816 2915 tam
841 2849 873 2914 iu
895 2849 1017 2938 priuata
1049 2829 1143 2938 quarn
1171 2849 1203 2913 in

244 2975 330 3042 cirili
359 2976 422 3040 rita
449 2973 662 3062 praestiterit3
690 2983 794 3036 utatur
829 2971 854 3037 is
887 2972 1039 3038 sententia
1070 2972 1203 3063 quadarn
1267 2961 1269 2965 Α

246 3095 427 3174 Ciceronis,
454 3117 534 3184 quae
545 3144 556 3172 1,
583 3093 724 3158 universe
745 3091 886 3179 quamvis
913 3091 1056 3180 prolata,
1082 3093 1114 3156 in
1146 3093 1204 3158 dt·

244 3216 342 3281 ticum
365 3227 429 3279 tam
457 3214 582 3304 egregie
610 3213 763 3303 quadrat,
800 3225 834 3276 ut
861 3210 947 3278 hunc
981 3213 1119 3277 scribens
1148 3235 1203 3276 re-

242 3340 373 3431 spexisse
396 3339 548 3404 rideatur.
597 3337 697 3402 Locus
719 3334 773 3398 ille
785 3335 810 3398 'l
813 3333 946 3398 ullianus
968 3333 1021 3398 hic
1032 3343 1095 3398 est:
1124 3333 1203 3398 «Est

243 3472 345 3525 autem
366 3458 470 3548 magni
493 3457 589 3523 animi
610 3469 641 3522 ct
672 3457 801 3521 fuerunt
831 3453 922 3519 multi
954 3454 1050 3518 etiam
1079 3453 1111 3516 in
1139 3453 1203 3519 vita

243 3581 358 3660 otiosa,
384 3582 441 3670 qui
463 3595 517 3646 aut
539 3579 760 3667 investigarent
788 3590 842 3643 aut
872 3589 1058 3643 conarentur
1090 3599 1200 3665 magna

243 3702 420 3792 quaedam,
445 3724 572 3791 seseque
583 3721 707 3765 suarum
721 3719 825 3763 rerum
844 3698 959 3764 finibus
981 3699 1199 3765 continerent:

280 3967 290 4002 ¹
332 3980 391 4033 un.
409 3978 477 4030 xlv.
496 3981 529 4029 ar
546 3982 598 4033 Ars.
616 3984 663 4049 up.
684 3983 726 4034 to.
747 3982 761 4048 o
782 3981 812 4031 5.

283 4076 294 4109 ²
336 4077 421 4143 Nepos
439 4097 463 4129 r.
482 4079 588 4147 ΜΘ,
623 4149 625 4154 Ι
