2970 5144
632 593 672 654 43

170 773 276 838 animo
295 793 366 842 cum
392 773 459 859 ipso
488 771 713 851 contulerit¹,
749 771 828 860 quid
857 771 956 840 Crassi
987 773 1125 852 assecla,

171 893 303 974 Arrius,
324 904 451 970 narret,
473 894 569 981 ecqui
594 889 744 970 Consules
765 907 936 982 parantur,
967 917 1007 960 ne
1028 897 1130 960 omni-

169 1039 212 1080 no
228 1014 375 1104 repudiet
401 1013 538 1081 scribere
555 1017 585 1082 ².
634 1012 672 1078 ln
705 1014 816 1102 primis
845 1014 922 1103 quid
950 1015 990 1080 de
1020 1014 1130 1082 Clodio

169 1136 241 1214 liat,
266 1157 343 1223 quos
365 1155 437 1200 cum
459 1155 496 1198 eo
518 1135 647 1223 ejusque
669 1155 774 1200 sorore
811 1134 980 1202 miscuerit
1008 1137 1131 1204 Atticus

168 1261 373 1335 sermones³,
399 1268 434 1321 ut
455 1254 515 1320 sibi
539 1255 663 1322 nuntiet
681 1267 792 1344 rogat,
817 1278 917 1344 eaque
938 1256 1034 1322 etiarn
1063 1255 1130 1320 rull

169 1378 314 1446 omnibus
336 1377 469 1465 vestigiis
488 1376 632 1466 indagata
649 1376 689 1441 ad
708 1399 740 1442 se
763 1377 894 1455 afferat,
928 1375 1107 1465 scribatque
1118 1423 1130 1456 ,

169 1504 195 1566 si
223 1503 305 1567 forte
329 1498 404 1588 quid
437 1499 591 1586 intelligat
613 1511 668 1564 aut
698 1497 871 1588 suspicetur
891 1501 920 1564 ⁴.
969 1496 1129 1584 Pondere-

105 1709 110 1718 ·
170 1643 234 1686 sam
257 1622 344 1684 abeo
356 1622 456 1707 poscit
475 1620 612 1706 aliquam
633 1619 821 1708 epistolam,
845 1620 972 1707 plenam
987 1618 1128 1684 omniurn

170 1762 233 1808 non
257 1741 351 1808 modo
370 1753 539 1820 actorum,
566 1740 619 1806 scd
644 1741 740 1830 ipsius
763 1742 857 1806 etiarn
898 1742 1084 1831 opinionum
1098 1749 1128 1808 ⁵.

169 1864 211 1928 Et
233 1884 329 1941 rcro,
356 1863 404 1928 uti
427 1885 464 1928 ex
486 1861 597 1928 iisdem
622 1861 683 1928 illis
704 1863 851 1951 Epistolis
875 1862 1020 1951 colligere
1032 1862 1130 1940 licet,

169 1992 292 2058 Atticus
315 1993 352 2058 iis
376 1994 408 2057 in
428 1991 520 2058 rebus
542 1989 690 2078 singulari
705 1991 798 2079 plane
817 1989 879 2056 lide
906 2002 937 2056 et
956 1989 1129 2056 constantia

167 2113 268 2177 amico
297 2111 458 2179 satisfecit.
507 2109 639 2176 Clodii⁰
672 2111 757 2176 enim
802 2123 834 2176 et
868 2132 1061 2177 summorum
1095 2112 1127 2176 in

166 2231 328 2320 republica
348 2232 486 2296 rirorom
505 2229 717 2309 familiarem,
742 2253 823 2318 quae
846 2231 879 2296 in
901 2231 978 2296 urhe
998 2253 1128 2320 ageren-

167 2370 218 2421 tur
244 2355 342 2420 latere
363 2355 573 2442 Pomponium
598 2375 658 2418 non
687 2368 855 2442 poterant,
890 2355 996 2423 audita
1020 2368 1123 2421 autem

167 2481 205 2545 ad
230 2479 414 2546 Ciceronem
437 2477 536 2542 literis
557 2477 756 2566 perferebat.
802 2475 930 2544 Occulta
961 2477 991 2540 ei
1023 2485 1126 2542 osten-

166 2603 260 2670 debat
294 2601 445 2680 consilia,
475 2622 556 2690 quac
578 2599 734 2668 triumuiri
769 2598 914 2689 quotidie
942 2597 1124 2676 struebant,

164 2724 340 2813 exponebat
350 2723 389 2788 dc
410 2721 599 2812 cogitatione
620 2721 725 2788 Clodii
743 2721 847 2811 deque
872 2719 1035 2786 seditiosae
1057 2719 1123 2807 ejus

162 2848 274 2914 sororis
312 2845 618 2922 machinationibus,
659 2843 699 2908 de
739 2843 839 2910 literis
877 2865 894 2908 a
929 2839 1059 2909 Caesare
1086 2840 1146 2904 ad'

162 2970 351 3057 Pompejum
364 2967 484 3047 missis,
509 2967 549 3032 de
562 2965 763 3056 Theophanis
785 2964 990 3055 Memmiiqne
1008 2985 1124 3030 sermo·

163 3115 224 3172 ne,
251 3092 292 3157 de
314 3092 406 3157 rebus
428 3089 535 3158 Bibuli
556 3088 708 3178 aliisque,
737 3111 817 3178 quac
848 3085 1000 3154 memorial
1030 3084 1123 3174 digna

204 3374 212 3406 ¹
251 3377 649 3444 cr.crb.1r.np.1r.§a.

201 3469 211 3502 ²
250 3480 435 3548 nassa.
456 3481 481 3532 s.

203 3569 213 3600 ³
251 3580 379 3648 np.9.§
402 3584 428 3631 l·

206 3673 216 3706 ⁴
255 3681 302 3746 Ep.
321 3677 426 3746 ZM.

203 3767 214 3798 ⁵
251 3778 448 3848 Ep.1t.§l.

204 3871 215 3905 ⁸
251 3877 343 3930 iocose
370 3879 443 3934 hunc
477 3881 814 3950 ciceronib011.ssp.9.
832 3885 846 3952 §
867 3885 893 3938 ὃ.
914 3885 996 3937 ,trricr
1016 3886 1122 3937 sodalem

179 3983 265 4029 vocat.
300 3980 437 4036 Similitrr
457 3985 507 4050 Ep.
525 3983 569 4036 15.
585 3982 599 4052 §
618 3982 653 4034 22
674 3985 724 4034 alit
738 3981 791 4034 illc
810 3990 956 4050 tararras,
975 4001 1027 4034 uon
1048 3985 1128 4036 rideo

173 4088 246 4136 posse
262 4079 351 4129 hcri.”
