3042 5146
707 641 770 703 115

247 822 346 890 Attici
380 821 470 885 rebus
503 820 704 898 interfuerit,
740 819 901 907 cognitum
936 817 1120 906 praedicat3
1154 855 1200 870 —·

245 945 422 1034 «elegans,
445 964 509 1007 non
532 939 741 1029 magnificus,
780 938 983 1028 splendidus,
1017 961 1080 1005 non
1114 956 1197 1003 sum·

244 1078 398 1154 ptuosus;
422 1063 508 1126 omni
520 1060 683 1149 diligentiis
700 1059 893 1126 munditiem
926 1081 988 1124 non
1020 1057 1200 1124 affluentem
1273 1145 1277 1150 Ι

243 1188 400 1253 affectans.
448 1182 595 1273 Supellex
614 1181 763 1258 modico,
788 1201 851 1243 non
870 1178 993 1257 multa,
1017 1191 1053 1242 ut
1072 1177 1106 1240 in
1123 1197 1201 1242 neu·

244 1320 324 1370 trum
354 1315 476 1393 partem
508 1301 649 1391 conspici
680 1313 795 1388 posset.
819 1329 859 1342 -
884 1298 989 1381 Quum
1022 1297 1055 1362 in
1092 1297 1203 1386 prinis

243 1426 345 1489 lautus
364 1435 442 1487 esset
465 1423 569 1512 liques
590 1423 747 1486 Romanus
768 1433 800 1485 et
823 1442 886 1484 uon
898 1441 1010 1509 parum
1030 1417 1201 1484 liberaliter

242 1549 371 1613 domum
399 1571 488 1613 suem
519 1547 660 1611 omnium
694 1545 840 1609 ordinum
867 1543 1010 1608 homines
1032 1543 1196 1621 invitaret,

242 1693 304 1734 non
327 1670 462 1758 amplius
474 1691 569 1757 quum
582 1667 703 1733 tricena
718 1667 728 1707 ¹
760 1665 860 1730 millia
871 1665 972 1742 aeris,
995 1685 1152 1753 peraeque
1165 1663 1198 1726 in

169 1802 175 1816 ·
241 1790 376 1879 singulos
404 1812 545 1867 menses,
581 1811 617 1852 er
651 1786 854 1875 ephemeride
871 1810 1038 1876 expensum
1059 1786 1199 1876 sumptui

242 1909 322 1974 ferre
333 1909 451 1974 solebat
463 1934 484 1974 >s
502 1915 531 1976 ².
558 1907 693 1973 Facilius
703 1919 808 1972 autem
820 1906 902 1971 mori
913 1907 990 1972 huie
1002 1906 1132 1996 obsequi
1140 1927 1200 1996 po-

242 2040 344 2109 terat,
370 2029 444 2117 quia
471 2051 522 2095 eos
543 2029 638 2094 modo
662 2030 700 2093 ud
734 2029 912 2094 convivium
948 2029 1097 2108 nocebat,
1124 2029 1199 2117 qui-

186 2227 189 2232 ·
243 2151 371 2216 buscum
390 2152 451 2240 ipsi
474 2173 598 2216 mosum
623 2148 1032 2217 intercedebatsimilitudo.
1054 2147 1138 2213 Hinc
1164 2161 1198 2213 ut

239 2275 352 2357 corpus
384 2270 479 2348 cibo,
505 2271 549 2334 sio
571 2269 697 2335 utilium
722 2272 874 2335 librorum
899 2270 1033 2336 lectione
1057 2271 1198 2336 animum

239 2410 365 2476 pascere
386 2389 548 2475 exquisite
571 2389 701 2458 solebat.
725 2437 729 2450 .
749 2392 899 2468 Nullam,
934 2393 1017 2480 quod
1047 2393 1098 2456 rix
1125 2413 1194 2456 cre-

239 2505 380 2587 dideris,
403 2531 438 2573 er
461 2510 608 2574 avunculi
626 2510 824 2600 aliorumque
856 2510 1083 2576 hereditatibus
1111 2511 1194 2577 lactu

239 2628 393 2716 pecuniae
415 2631 549 2696 accessio
572 2631 707 2698 exseruit
729 2634 793 2698 vim
814 2634 847 2698 in
860 2633 1080 2720 quotidianum
1096 2634 1196 2700 Attici

238 2752 360 2818 cultum
370 2757 515 2850 vitaeque
527 2756 801 2825 consuetudinem.
821 2757 934 2846 Neque
945 2755 1033 2844 prius
1045 2804 1055 2834 ,
1067 2768 1197 2843 accepto

237 2875 447 2963 patrimonio,
472 2877 505 2942 in
537 2879 676 2944 sestertio
705 2879 800 2944 vicies
826 2899 938 2969 parum
971 2900 1004 2942 se
1034 2874 1198 2966 splendide

235 3008 397 3090 gesserat,
438 3019 544 3088 neque
577 3010 667 3076 tum,
705 2998 808 3064 auctis
836 3019 1025 3087 magnopere
1059 2995 1198 3074 divitiis,

274 3205 283 3238 ¹
323 3207 420 3273 Recepi
438 3208 599 3258 Hotomanni
617 3208 806 3278 conjecturam
826 3224 876 3273 pro
893 3207 1093 3270 vulgariternu.
1120 3205 1198 3256 Duo-

234 3307 285 3356 bus
304 3307 379 3356 enim
399 3307 508 3358 florenis
527 3307 555 3357 in
575 3305 696 3371 singulos
715 3307 773 3357 dies
792 3307 826 3355 ud
845 3307 951 3356 victum
971 3294 1121 3372 impensis,
1150 3307 1200 3356 At-

234 3405 304 3454 ticus
318 3411 345 3455 ct
362 3402 501 3455 familiam
521 3404 594 3456 olere
613 3413 640 3456 et
658 3406 729 3457 inire
748 3406 875 3457 convivia
898 3406 977 3457 nullo
997 3406 1081 3455 modo
1099 3408 1205 3472 potuit,

272 3497 283 3532 ²
323 3503 409 3571 Nepos
438 3523 464 3554 c·
490 3502 736 3573 x111.§⁵-7.
765 3505 832 3557 lude
850 3501 968 3571 Cicero,
987 3508 1032 3559 oui
1051 3505 1200 3560 Laodiceae
1281 3513 1284 3521 '

234 3603 352 3652 versanti
381 3606 486 3654 Atticus
514 3603 612 3656 fictilia
631 3621 662 3654 ex
682 3604 784 3670 oppido
802 3603 891 3656 Rhoso
910 3623 974 3658 vasa
990 3606 1201 3671 maudaverat,

233 3699 304 3752 hanc
322 3701 472 3768 elegantem
491 3703 551 3774 ejus
563 3706 592 3756 in
605 3704 682 3756 cultu
694 3704 843 3756 domestico
854 3705 1018 3771 parcitatem
1031 3705 1200 3770 respiciens,

232 3798 322 3867 jocose
341 3805 456 3856 scribit:
477 3804 636 3855 «Rhosiaca
656 3822 720 3855 vasa
740 3805 882 3856 mandavi.
902 3805 952 3855 Sed
971 3805 1039 3856 heus
1058 3812 1089 3854 tu
1100 3841 1110 3868 ,
1131 3804 1200 3871 quid

231 3903 355 3965 cogitas?
384 3905 412 3954 in
443 3903 560 3956 felicatis
588 3904 715 3956 lancibus
744 3912 770 3954 et
796 3903 1030 3978 splendidissimis
1049 3905 1195 3967 canistris,

229 4001 363 4053 olusculis
390 4023 438 4056 nos
466 4005 534 4057 solos
562 4021 690 4072 pascere,
721 4005 790 4074 qnid
810 4012 835 4056 te
855 4005 884 4054 in
904 4005 978 4058 vasis
997 4003 1132 4056 fictilibus
1152 4021 1201 4068 ep·

229 4101 385 4163 positurum
404 4110 498 4168 putem
512 4105 546 4156 in
567 4104 629 4157 Lib.
649 4101 704 4157 Vl.
723 4103 773 4170 sp.
792 4107 806 4156 1
838 4103 852 4174 §
873 4107 913 4158 13.

1038 4201 1073 4260 3.
