2970 5144
275 1471 686 1549 ulsPUrnrronrs
734 1465 1080 1545 PROOEMIUM.

226 1733 266 1779 nr
290 1732 444 1780 rtttttmtts
469 1732 570 1776 nutus
594 1731 840 1780 urst’urrrlonrs
862 1728 1036 1788 EORUMQUE
1060 1727 1133 1773 FIDE

586 1882 773 1930 rttsrolrlct.

579 2141 797 2170 maso-c>-

194 2411 197 2416 ’
249 2367 314 2448 Est
335 2379 396 2443 hoc
419 2379 560 2442 universe
583 2378 615 2440 in
642 2379 830 2467 antiquitate
852 2378 1103 2466 perscrutanda,
1135 2378 1161 2442 si

207 2499 282 2588 qnid
314 2496 422 2573 aliud,
450 2494 678 2574 necessarium,
719 2510 773 2574 ut,
810 2499 923 2586 quibus
961 2496 1162 2564 monimentis

204 2619 381 2710 disquisitio
415 2617 557 2692 nitatur,
592 2615 733 2705 qqidque
754 2618 903 2705 ponderis
925 2617 963 2682 iis
987 2618 1085 2683 tribui
1105 2619 1160 2682 dc·

205 2742 297 2818 beat,
321 2741 381 2804 rite
401 2737 581 2826 cognoveris
604 2748 698 2825 atquc
718 2740 923 2828 perspexeris.
948 2739 1060 2827 ltaque
1088 2761 1164 2834 ope·

204 2884 259 2927 rae
283 2861 421 2948 pretium
441 2836 687 2937 succinximus,
708 2861 742 2922 in
764 2859 889 2924 exordio
910 2871 1032 2926 nostrae
1051 2859 1164 2949 dispu-

205 2980 331 3047 tationis
374 2978 621 3044 animadvcrtere
656 2979 809 3066 quaedam
853 2980 891 3044 de
922 2981 963 3046 iis
993 2979 1139 3070 operibus
1153 3033 1164 3065 ,

207 3124 341 3191 quornm
372 3124 431 3190 ope
465 3101 503 3165 de
542 3101 579 3168 Τ.
614 3101 789 3190 Pomponio
820 3103 926 3166 Attico
955 3101 1163 3190 exposuimus.

205 3226 316 3313 Neque
339 3237 444 3289 tanten
463 3223 524 3288 late
542 3225 664 3312 evagari
684 3237 715 3289 et
738 3225 937 3290 subtilissima
958 3227 1081 3291 ratione
1099 3226 1165 3291 col-

205 3349 300 3436 ligere
339 3345 443 3411 omnia
478 3356 572 3434 atque
605 3343 778 3428 dijudicare
812 3345 922 3424 lubet,
956 3367 1163 3434 quaecuuque

204 3470 340 3534 sontium
361 3479 538 3532 nostrorum
550 3478 694 3532 naturam
706 3476 847 3554 spectant
868 3475 900 3530 et
920 3465 1161 3554 praestantiam

206 3591 258 3654 sed
282 3587 460 3656 summatim
494 3587 680 3652 conabimur
711 3586 874 3666 indicare,
908 3587 963 3676 qui
987 3586 1103 3651 inerint
1131 3599 1164 3651 et

205 3733 268 3799 qua
301 3708 363 3773 fide
400 3709 507 3797 dignos
547 3731 579 3774 se
613 3728 720 3772 eorum
765 3719 905 3772 auctores
941 3706 1163 3796 praestiterint.

206 3830 310 3913 Quum
330 3839 435 3892 autem
456 3851 473 3892 e
496 3827 618 3916 Nepote
640 3849 677 3890 ac
708 3822 859 3890 Cicerone
880 3826 970 3915 longe
995 3825 1163 3891 maximam

204 3963 325 4037 partem
348 3963 451 4016 nostra
468 3945 688 4025 hauserimus,
708 3946 742 4011 hi
760 3949 960 4038 potissimum
987 3949 1020 4012 in
1039 3971 1163 4015 scenam

204 4069 377 4160 prodeant,
402 4081 432 4133 et
453 4070 538 4158 prior
562 4069 690 4157 quidem
715 4068 891 4136 Cornelius
911 4071 1034 4160 Nepos.

989 4193 1003 4246 l
