<?xml version="1.0" encoding="UTF-8"?>
<!DOCTYPE html PUBLIC "-//W3C//DTD XHTML 1.0 Transitional//EN"
    "http://www.w3.org/TR/xhtml1/DTD/xhtml1-transitional.dtd">
<html xmlns="http://www.w3.org/1999/xhtml" xml:lang="en" lang="en">
 <head>
  <title>
</title>
<meta http-equiv="Content-Type" content="text/html;charset=utf-8" />
  <meta name='ocr-system' content='tesseract 3.04.00' />
  <meta name='ocr-capabilities' content='ocr_page ocr_carea ocr_par ocr_line ocrx_word'/>
</head>
<body>
  <div class='ocr_page' id='page_1' title='image "./diatribeintpomp00hullgoog_0055.png"; bbox 0 0 2970 5144; ppageno 0'>
   <div class='ocr_carea' id='block_1_1' title="bbox 798 622 842 686">
    <p class='ocr_par' dir='ltr' id='par_1_1' title="bbox 798 622 842 686">
     <span class='ocr_line' id='line_1_1' title="bbox 798 622 842 686; baseline 0 0"><span class='ocrx_word' id='word_1_1' title='bbox 798 622 842 686; x_wconf 68' lang='lat'><strong>³4</strong></span> 
     </span>
    </p>
   </div>
   <div class='ocr_carea' id='block_1_2' title="bbox 337 801 1302 2232">
    <p class='ocr_par' dir='ltr' id='par_1_2' title="bbox 337 801 1302 2232">
     <span class='ocr_line' id='line_1_2' title="bbox 341 801 1299 895; baseline -0.001 -23"><span class='ocrx_word' id='word_1_2' title='bbox 341 807 458 872; x_wconf 86' lang='lat' dir='ltr'><strong>ducum</strong></span> <span class='ocrx_word' id='word_1_3' title='bbox 478 804 646 895; x_wconf 72' lang='lat' dir='ltr'><strong>prudentii</strong></span> <span class='ocrx_word' id='word_1_4' title='bbox 657 802 863 891; x_wconf 87' lang='lat' dir='ltr'><strong>militumque</strong></span> <span class='ocrx_word' id='word_1_5' title='bbox 883 801 997 868; x_wconf 71' lang='lat' dir='ltr'><strong>virtute</strong></span> <span class='ocrx_word' id='word_1_6' title='bbox 1028 801 1163 882; x_wconf 69' lang='lat' dir='ltr'><strong>feliciter</strong></span> <span class='ocrx_word' id='word_1_7' title='bbox 1175 805 1299 872; x_wconf 74' lang='lat' dir='ltr'><strong>sumant</strong></span> 
     </span>
     <span class='ocr_line' id='line_1_3' title="bbox 341 919 1298 1020; baseline -0.002 -28"><span class='ocrx_word' id='word_1_8' title='bbox 341 938 490 1015; x_wconf 78' lang='lat' dir='ltr'><strong>peracta3</strong></span> <span class='ocrx_word' id='word_1_9' title='bbox 512 925 633 1020; x_wconf 88' lang='lat' dir='ltr'><strong>interna</strong></span> <span class='ocrx_word' id='word_1_10' title='bbox 656 921 852 1014; x_wconf 83' lang='lat' dir='ltr'><strong>reipublicae</strong></span> <span class='ocrx_word' id='word_1_11' title='bbox 874 919 1014 986; x_wconf 90' lang='lat' dir='ltr'><strong>conditio</strong></span> <span class='ocrx_word' id='word_1_12' title='bbox 1035 923 1108 988; x_wconf 88' lang='lat' dir='ltr'><strong>satis</strong></span> <span class='ocrx_word' id='word_1_13' title='bbox 1130 924 1298 1014; x_wconf 85' lang='lat' dir='ltr'><strong>tranquilla</strong></span> 
     </span>
     <span class='ocr_line' id='line_1_4' title="bbox 341 1041 1302 1138; baseline 0.002 -26"><span class='ocrx_word' id='word_1_14' title='bbox 341 1060 506 1117; x_wconf 76' lang='lat' dir='ltr'><strong>manserat.</strong></span> <span class='ocrx_word' id='word_1_15' title='bbox 564 1048 686 1112; x_wconf 85' lang='lat' dir='ltr'><strong>Romae</strong></span> <span class='ocrx_word' id='word_1_16' title='bbox 718 1066 822 1110; x_wconf 85' lang='lat' dir='ltr'><strong>reram</strong></span> <span class='ocrx_word' id='word_1_17' title='bbox 857 1041 992 1110; x_wconf 88' lang='lat' dir='ltr'><strong>habebat</strong></span> <span class='ocrx_word' id='word_1_18' title='bbox 1024 1045 1184 1136; x_wconf 84' lang='lat' dir='ltr'><strong>patriam,</strong></span> <span class='ocrx_word' id='word_1_19' title='bbox 1220 1071 1302 1138; x_wconf 84' lang='lat' dir='ltr'><strong>quae</strong></span> 
     </span>
     <span class='ocr_line' id='line_1_5' title="bbox 337 1166 1291 1258; baseline -0.003 -22"><span class='ocrx_word' id='word_1_20' title='bbox 337 1193 398 1236; x_wconf 86' lang='lat' dir='ltr'><strong>una</strong></span> <span class='ocrx_word' id='word_1_21' title='bbox 431 1191 537 1236; x_wconf 87' lang='lat' dir='ltr'><strong>omnes</strong></span> <span class='ocrx_word' id='word_1_22' title='bbox 569 1168 697 1234; x_wconf 89' lang='lat' dir='ltr'><strong>omnino</strong></span> <span class='ocrx_word' id='word_1_23' title='bbox 728 1166 870 1232; x_wconf 85' lang='lat' dir='ltr'><strong>caritates</strong></span> <span class='ocrx_word' id='word_1_24' title='bbox 897 1167 929 1231; x_wconf 94' lang='lat' dir='ltr'><strong>in</strong></span> <span class='ocrx_word' id='word_1_25' title='bbox 956 1168 1291 1258; x_wconf 80' lang='lat' dir='ltr'><strong>secomplecteretur;</strong></span> 
     </span>
     <span class='ocr_line' id='line_1_6' title="bbox 341 1288 1299 1378; baseline 0.003 -25"><span class='ocrx_word' id='word_1_26' title='bbox 341 1288 459 1355; x_wconf 88' lang='lat' dir='ltr'><strong>Romae</strong></span> <span class='ocrx_word' id='word_1_27' title='bbox 480 1289 596 1354; x_wconf 90' lang='lat' dir='ltr'><strong>amicos</strong></span> <span class='ocrx_word' id='word_1_28' title='bbox 617 1299 843 1378; x_wconf 71' lang='lat' dir='ltr'><strong>cognatosque,</strong></span> <span class='ocrx_word' id='word_1_29' title='bbox 864 1289 980 1378; x_wconf 89' lang='lat' dir='ltr'><strong>quibus</strong></span> <span class='ocrx_word' id='word_1_30' title='bbox 1001 1301 1033 1356; x_wconf 84' lang='lat' dir='ltr'><strong>et</strong></span> <span class='ocrx_word' id='word_1_31' title='bbox 1053 1291 1158 1356; x_wconf 85' lang='lat' dir='ltr'><strong>virere</strong></span> <span class='ocrx_word' id='word_1_32' title='bbox 1169 1304 1200 1358; x_wconf 89' lang='lat' dir='ltr'><strong>et</strong></span> <span class='ocrx_word' id='word_1_33' title='bbox 1213 1293 1299 1358; x_wconf 80' lang='lat' dir='ltr'><strong>auri·</strong></span> 
     </span>
     <span class='ocr_line' id='line_1_7' title="bbox 338 1407 1298 1498; baseline 0.006 -24"><span class='ocrx_word' id='word_1_34' title='bbox 338 1407 382 1474; x_wconf 92' lang='lat' dir='ltr'><strong>lio</strong></span> <span class='ocrx_word' id='word_1_35' title='bbox 412 1431 476 1474; x_wconf 86' lang='lat' dir='ltr'><strong>esse</strong></span> <span class='ocrx_word' id='word_1_36' title='bbox 508 1409 647 1473; x_wconf 87' lang='lat' dir='ltr'><strong>omnium</strong></span> <span class='ocrx_word' id='word_1_37' title='bbox 677 1409 811 1474; x_wconf 77' lang='lat' dir='ltr'><strong>maxime</strong></span> <span class='ocrx_word' id='word_1_38' title='bbox 843 1409 1001 1498; x_wconf 87' lang='lat' dir='ltr'><strong>cupiebat.</strong></span> <span class='ocrx_word' id='word_1_39' title='bbox 1047 1411 1121 1478; x_wconf 82' lang='lat' dir='ltr'><strong>dam</strong></span> <span class='ocrx_word' id='word_1_40' title='bbox 1145 1415 1298 1480; x_wconf 88' lang='lat' dir='ltr'><strong>continuo</strong></span> 
     </span>
     <span class='ocr_line' id='line_1_8' title="bbox 342 1528 1299 1619; baseline 0.007 -25"><span class='ocrx_word' id='word_1_41' title='bbox 342 1529 611 1618; x_wconf 68' lang='lat' dir='ltr'><strong>opportunitatem</strong></span> <span class='ocrx_word' id='word_1_42' title='bbox 633 1529 663 1593; x_wconf 89' lang='lat' dir='ltr'><strong>ei</strong></span> <span class='ocrx_word' id='word_1_43' title='bbox 685 1528 888 1618; x_wconf 76' lang='lat' dir='ltr'><strong>gratissimam</strong></span> <span class='ocrx_word' id='word_1_44' title='bbox 902 1532 1094 1619; x_wconf 82' lang='lat' dir='ltr'><strong>praebebant</strong></span> <span class='ocrx_word' id='word_1_45' title='bbox 1105 1535 1299 1618; x_wconf 82' lang='lat' dir='ltr'><strong>consularia,</strong></span> 
     </span>
     <span class='ocr_line' id='line_1_9' title="bbox 340 1650 1301 1744; baseline 0.005 -26"><span class='ocrx_word' id='word_1_46' title='bbox 340 1676 420 1744; x_wconf 92' lang='lat' dir='ltr'><strong>quae</strong></span> <span class='ocrx_word' id='word_1_47' title='bbox 443 1675 517 1720; x_wconf 80' lang='lat' dir='ltr'><strong>mox</strong></span> <span class='ocrx_word' id='word_1_48' title='bbox 551 1654 729 1728; x_wconf 81' lang='lat' dir='ltr'><strong>instabant,</strong></span> <span class='ocrx_word' id='word_1_49' title='bbox 755 1650 914 1717; x_wconf 85' lang='lat' dir='ltr'><strong>Ciceronis</strong></span> <span class='ocrx_word' id='word_1_50' title='bbox 935 1653 1086 1735; x_wconf 86' lang='lat' dir='ltr'><strong>comitia,</strong></span> <span class='ocrx_word' id='word_1_51' title='bbox 1112 1655 1224 1744; x_wconf 71' lang='lat' dir='ltr'><strong>quibus</strong></span> <span class='ocrx_word' id='word_1_52' title='bbox 1245 1655 1301 1723; x_wconf 90' lang='lat' dir='ltr'><strong>bic</strong></span> 
     </span>
     <span class='ocr_line' id='line_1_10' title="bbox 341 1775 1300 1866; baseline 0 -24"><span class='ocrx_word' id='word_1_53' title='bbox 341 1791 461 1844; x_wconf 89' lang='lat' dir='ltr'><strong>tanturn</strong></span> <span class='ocrx_word' id='word_1_54' title='bbox 482 1778 603 1855; x_wconf 80' lang='lat' dir='ltr'><strong>obfuit,</strong></span> <span class='ocrx_word' id='word_1_55' title='bbox 625 1790 680 1852; x_wconf 86' lang='lat' dir='ltr'><strong>ut,</strong></span> <span class='ocrx_word' id='word_1_56' title='bbox 705 1775 970 1866; x_wconf 87' lang='lat' dir='ltr'><strong>quemadmodum</strong></span> <span class='ocrx_word' id='word_1_57' title='bbox 987 1791 1075 1842; x_wconf 85' lang='lat' dir='ltr'><strong>antea</strong></span> <span class='ocrx_word' id='word_1_58' title='bbox 1088 1776 1119 1840; x_wconf 93' lang='lat' dir='ltr'><strong>in</strong></span> <span class='ocrx_word' id='word_1_59' title='bbox 1131 1776 1300 1842; x_wconf 78' lang='lat' dir='ltr'><strong>ambienda</strong></span> 
     </span>
     <span class='ocr_line' id='line_1_11' title="bbox 337 1895 1298 1978; baseline 0.004 -16"><span class='ocrx_word' id='word_1_60' title='bbox 337 1897 506 1978; x_wconf 88' lang='lat' dir='ltr'><strong>Praetura,</strong></span> <span class='ocrx_word' id='word_1_61' title='bbox 541 1900 678 1965; x_wconf 85' lang='lat' dir='ltr'><strong>amicum</strong></span> <span class='ocrx_word' id='word_1_62' title='bbox 706 1897 810 1964; x_wconf 86' lang='lat' dir='ltr'><strong>edesse</strong></span> <span class='ocrx_word' id='word_1_63' title='bbox 841 1895 958 1977; x_wconf 79' lang='lat' dir='ltr'><strong>nollet,</strong></span> <span class='ocrx_word' id='word_1_64' title='bbox 992 1911 1027 1962; x_wconf 93' lang='lat' dir='ltr'><strong>ut</strong></span> <span class='ocrx_word' id='word_1_65' title='bbox 1060 1918 1181 1964; x_wconf 89' lang='lat' dir='ltr'><strong>summo</strong></span> <span class='ocrx_word' id='word_1_66' title='bbox 1201 1900 1298 1966; x_wconf 86' lang='lat' dir='ltr'><strong>etiam</strong></span> 
     </span>
     <span class='ocr_line' id='line_1_12' title="bbox 339 2017 1298 2109; baseline 0 -23"><span class='ocrx_word' id='word_1_67' title='bbox 339 2020 443 2086; x_wconf 88' lang='lat' dir='ltr'><strong>studio</strong></span> <span class='ocrx_word' id='word_1_68' title='bbox 467 2043 538 2086; x_wconf 86' lang='lat' dir='ltr'><strong>eum</strong></span> <span class='ocrx_word' id='word_1_69' title='bbox 563 2031 736 2109; x_wconf 85' lang='lat' dir='ltr'><strong>exoptaret.</strong></span> <span class='ocrx_word' id='word_1_70' title='bbox 784 2017 876 2082; x_wconf 83' lang='lat' dir='ltr'><strong>Hisne</strong></span> <span class='ocrx_word' id='word_1_71' title='bbox 900 2017 994 2106; x_wconf 76' lang='lat' dir='ltr'><strong>igitur</strong></span> <span class='ocrx_word' id='word_1_72' title='bbox 1014 2017 1053 2082; x_wconf 91' lang='lat' dir='ltr'><strong>de</strong></span> <span class='ocrx_word' id='word_1_73' title='bbox 1066 2019 1164 2084; x_wconf 89' lang='lat' dir='ltr'><strong>causis</strong></span> <span class='ocrx_word' id='word_1_74' title='bbox 1176 2019 1298 2086; x_wconf 76' lang='lat' dir='ltr'><strong>Atticus</strong></span> 
     </span>
     <span class='ocr_line' id='line_1_13' title="bbox 339 2140 1296 2232; baseline -0.004 -22"><span class='ocrx_word' id='word_1_75' title='bbox 339 2142 470 2210; x_wconf 77' lang='lat' dir='ltr'><strong>btbenis</strong></span> <span class='ocrx_word' id='word_1_76' title='bbox 498 2143 560 2208; x_wconf 88' lang='lat' dir='ltr'><strong>suis</strong></span> <span class='ocrx_word' id='word_1_77' title='bbox 590 2140 764 2206; x_wconf 74' lang='lat' dir='ltr'><strong>valedicere</strong></span> <span class='ocrx_word' id='word_1_78' title='bbox 796 2140 958 2206; x_wconf 84' lang='lat' dir='ltr'><strong>constituit</strong></span> <span class='ocrx_word' id='word_1_79' title='bbox 979 2141 1177 2232; x_wconf 83' lang='lat' dir='ltr'><strong>Romamque</strong></span> <span class='ocrx_word' id='word_1_80' title='bbox 1198 2142 1296 2207; x_wconf 87' lang='lat' dir='ltr'><strong>remi·</strong></span> 
     </span>
    </p>
   </div>
   <div class='ocr_carea' id='block_1_3' title="bbox 336 2259 1317 2596">
    <p class='ocr_par' dir='ltr' id='par_1_3' title="bbox 336 2259 1317 2596">
     <span class='ocr_line' id='line_1_14' title="bbox 336 2259 1292 2352; baseline 0.006 -25"><span class='ocrx_word' id='word_1_81' title='bbox 336 2285 445 2352; x_wconf 77' lang='lat' dir='ltr'><strong>grare,</strong></span> <span class='ocrx_word' id='word_1_82' title='bbox 476 2262 559 2352; x_wconf 92' lang='lat' dir='ltr'><strong>quod</strong></span> <span class='ocrx_word' id='word_1_83' title='bbox 581 2262 708 2352; x_wconf 89' lang='lat' dir='ltr'><strong>quidem</strong></span> <span class='ocrx_word' id='word_1_84' title='bbox 731 2259 926 2352; x_wconf 88' lang='lat' dir='ltr'><strong>propositum</strong></span> <span class='ocrx_word' id='word_1_85' title='bbox 955 2262 1078 2352; x_wconf 76' lang='lat' dir='ltr'><strong>peregit</strong></span> <span class='ocrx_word' id='word_1_86' title='bbox 1103 2263 1229 2331; x_wconf 88' lang='lat' dir='ltr'><strong>tandem</strong></span> <span class='ocrx_word' id='word_1_87' title='bbox 1253 2265 1292 2334; x_wconf 90' lang='lat' dir='ltr'><strong>L.</strong></span> 
     </span>
     <span class='ocr_line' id='line_1_15' title="bbox 338 2380 1317 2484; baseline 0.005 -35"><span class='ocrx_word' id='word_1_88' title='bbox 338 2383 467 2450; x_wconf 77' lang='lat' dir='ltr'><strong>Aurelio</strong></span> <span class='ocrx_word' id='word_1_89' title='bbox 501 2380 613 2484; x_wconf 81' lang='lat' dir='ltr'><strong>Cotta,</strong></span> <span class='ocrx_word' id='word_1_90' title='bbox 644 2383 681 2454; x_wconf 85' lang='lat' dir='ltr'><strong>L.</strong></span> <span class='ocrx_word' id='word_1_91' title='bbox 713 2381 831 2450; x_wconf 86' lang='lat' dir='ltr'><strong>Manlio</strong></span> <span class='ocrx_word' id='word_1_92' title='bbox 864 2383 1025 2476; x_wconf 86' lang='lat' dir='ltr'><strong>Torquato</strong></span> <span class='ocrx_word' id='word_1_93' title='bbox 1060 2382 1164 2465; x_wconf 71' lang='lat' dir='ltr'><strong>coss,</strong></span> <span class='ocrx_word' id='word_1_94' title='bbox 1188 2385 1228 2455; x_wconf 79' lang='grc' dir='ltr'><strong>Α.</strong></span> <span class='ocrx_word' id='word_1_95' title='bbox 1247 2385 1317 2454; x_wconf 87' lang='lat' dir='ltr'><strong>U.-</strong></span> 
     </span>
     <span class='ocr_line' id='line_1_16' title="bbox 337 2503 1287 2596; baseline 0 -24"><span class='ocrx_word' id='word_1_96' title='bbox 337 2505 373 2574; x_wconf 77' lang='lat' dir='ltr'><strong>(i.</strong></span> <span class='ocrx_word' id='word_1_97' title='bbox 399 2509 464 2573; x_wconf 80' lang='lat'><strong>689</strong></span> <span class='ocrx_word' id='word_1_98' title='bbox 493 2507 548 2595; x_wconf 70' lang='grc' dir='ltr'><strong>(Α.</strong></span> <span class='ocrx_word' id='word_1_99' title='bbox 571 2503 607 2574; x_wconf 83' lang='lat' dir='ltr'><strong>C.</strong></span> <span class='ocrx_word' id='word_1_100' title='bbox 629 2506 1060 2594; x_wconf 67' lang='lat' dir='ltr'><strong>6otadfinemvergonre13</strong></span> <span class='ocrx_word' id='word_1_101' title='bbox 1084 2529 1178 2596; x_wconf 89' lang='lat' dir='ltr'><strong>quem</strong></span> <span class='ocrx_word' id='word_1_102' title='bbox 1204 2507 1287 2572; x_wconf 89' lang='lat' dir='ltr'><strong>diem</strong></span> 
     </span>
    </p>
   </div>
   <div class='ocr_carea' id='block_1_4' title="bbox 328 2626 1290 3206">
    <p class='ocr_par' dir='ltr' id='par_1_4' title="bbox 332 2626 1290 2818">
     <span class='ocr_line' id='line_1_17' title="bbox 332 2626 1290 2715; baseline -0.005 -19"><span class='ocrx_word' id='word_1_103' title='bbox 332 2632 376 2696; x_wconf 87' lang='lat' dir='ltr'><strong>sic</strong></span> <span class='ocrx_word' id='word_1_104' title='bbox 402 2629 543 2696; x_wconf 73' lang='lat' dir='ltr'><strong>uniuersa</strong></span> <span class='ocrx_word' id='word_1_105' title='bbox 566 2630 675 2702; x_wconf 76' lang='lat' dir='ltr'><strong>civitas</strong></span> <span class='ocrx_word' id='word_1_106' title='bbox 706 2626 947 2694; x_wconf 76' lang='lat' dir='ltr'><strong>Atheniensium</strong></span> <span class='ocrx_word' id='word_1_107' title='bbox 980 2639 1144 2715; x_wconf 81' lang='lat' dir='ltr'><strong>prosecuta</strong></span> <span class='ocrx_word' id='word_1_108' title='bbox 1167 2639 1235 2708; x_wconf 86' lang='lat' dir='ltr'><strong>est,</strong></span> <span class='ocrx_word' id='word_1_109' title='bbox 1254 2638 1290 2694; x_wconf 89' lang='lat' dir='ltr'><strong>ut</strong></span> 
     </span>
     <span class='ocr_line' id='line_1_18' title="bbox 332 2747 1172 2818; baseline -0.002 -1"><span class='ocrx_word' id='word_1_110' title='bbox 332 2751 471 2818; x_wconf 84' lang='lat' dir='ltr'><strong>lacrimis</strong></span> <span class='ocrx_word' id='word_1_111' title='bbox 490 2751 635 2817; x_wconf 83' lang='lat' dir='ltr'><strong>desiderii</strong></span> <span class='ocrx_word' id='word_1_112' title='bbox 658 2750 756 2816; x_wconf 85' lang='lat' dir='ltr'><strong>futuri</strong></span> <span class='ocrx_word' id='word_1_113' title='bbox 786 2747 924 2814; x_wconf 80' lang='lat' dir='ltr'><strong>dotorem</strong></span> <span class='ocrx_word' id='word_1_114' title='bbox 945 2748 1120 2814; x_wconf 83' lang='lat' dir='ltr'><strong>indicaret²</strong></span> <span class='ocrx_word' id='word_1_115' title='bbox 1138 2755 1172 2815; x_wconf 91' lang='grc'><strong>”.</strong></span> 
     </span>
    </p>

    <p class='ocr_par' dir='ltr' id='par_1_5' title="bbox 328 2868 1287 3206">
     <span class='ocr_line' id='line_1_19' title="bbox 375 2868 1285 2960; baseline -0.008 -21"><span class='ocrx_word' id='word_1_116' title='bbox 375 2875 462 2939; x_wconf 83' lang='lat' dir='ltr'><strong>Hace</strong></span> <span class='ocrx_word' id='word_1_117' title='bbox 492 2884 581 2952; x_wconf 88' lang='lat' dir='ltr'><strong>sunt,</strong></span> <span class='ocrx_word' id='word_1_118' title='bbox 612 2894 692 2960; x_wconf 88' lang='lat' dir='ltr'><strong>quae</strong></span> <span class='ocrx_word' id='word_1_119' title='bbox 721 2871 761 2935; x_wconf 88' lang='lat' dir='ltr'><strong>de</strong></span> <span class='ocrx_word' id='word_1_120' title='bbox 784 2870 890 2936; x_wconf 75' lang='lat' dir='ltr'><strong>Attico</strong></span> <span class='ocrx_word' id='word_1_121' title='bbox 917 2869 955 2934; x_wconf 89' lang='lat' dir='ltr'><strong>ad</strong></span> <span class='ocrx_word' id='word_1_122' title='bbox 980 2868 1127 2956; x_wconf 89' lang='lat' dir='ltr'><strong>quintum</strong></span> <span class='ocrx_word' id='word_1_123' title='bbox 1149 2881 1181 2933; x_wconf 91' lang='lat' dir='ltr'><strong>et</strong></span> <span class='ocrx_word' id='word_1_124' title='bbox 1208 2891 1285 2958; x_wconf 89' lang='lat' dir='ltr'><strong>qun-</strong></span> 
     </span>
     <span class='ocr_line' id='line_1_20' title="bbox 328 2989 1285 3080; baseline 0.001 -25"><span class='ocrx_word' id='word_1_125' title='bbox 328 2991 535 3080; x_wconf 79' lang='lat' dir='ltr'><strong>dragesimum</strong></span> <span class='ocrx_word' id='word_1_126' title='bbox 559 2990 666 3056; x_wconf 86' lang='lat' dir='ltr'><strong>aetatis</strong></span> <span class='ocrx_word' id='word_1_127' title='bbox 686 3013 803 3056; x_wconf 89' lang='lat' dir='ltr'><strong>annum</strong></span> <span class='ocrx_word' id='word_1_128' title='bbox 826 2990 988 3060; x_wconf 87' lang='lat' dir='ltr'><strong>ineuntem</strong></span> <span class='ocrx_word' id='word_1_129' title='bbox 1007 2991 1046 3056; x_wconf 90' lang='lat' dir='ltr'><strong>ab</strong></span> <span class='ocrx_word' id='word_1_130' title='bbox 1059 2989 1198 3079; x_wconf 88' lang='lat' dir='ltr'><strong>antiquis</strong></span> <span class='ocrx_word' id='word_1_131' title='bbox 1217 3012 1285 3056; x_wconf 87' lang='lat' dir='ltr'><strong>rue·</strong></span> 
     </span>
     <span class='ocr_line' id='line_1_21' title="bbox 332 3111 1287 3206; baseline 0.003 -30"><span class='ocrx_word' id='word_1_132' title='bbox 332 3112 451 3176; x_wconf 82' lang='lat' dir='ltr'><strong>moriae</strong></span> <span class='ocrx_word' id='word_1_133' title='bbox 468 3111 686 3200; x_wconf 85' lang='lat' dir='ltr'><strong>suntprodita.</strong></span> <span class='ocrx_word' id='word_1_134' title='bbox 712 3111 820 3176; x_wconf 83' lang='lat' dir='ltr'><strong>Videri</strong></span> <span class='ocrx_word' id='word_1_135' title='bbox 832 3133 904 3176; x_wconf 86' lang='lat' dir='ltr'><strong>sane</strong></span> <span class='ocrx_word' id='word_1_136' title='bbox 924 3133 958 3176; x_wconf 89' lang='lat' dir='ltr'><strong>ea</strong></span> <span class='ocrx_word' id='word_1_137' title='bbox 978 3112 1118 3206; x_wconf 78' lang='lat' dir='ltr'><strong>breviora</strong></span> <span class='ocrx_word' id='word_1_138' title='bbox 1137 3124 1287 3200; x_wconf 83' lang='lat' dir='ltr'><strong>possunt,</strong></span> 
     </span>
    </p>
   </div>
   <div class='ocr_carea' id='block_1_5' title="bbox 223 3230 1286 3322">
    <p class='ocr_par' dir='ltr' id='par_1_6' title="bbox 223 3230 1286 3322">
     <span class='ocr_line' id='line_1_22' title="bbox 223 3230 1286 3322; baseline -0.002 -24"><span class='ocrx_word' id='word_1_139' title='bbox 223 3309 226 3316; x_wconf 23' lang='lat'><strong><em>¹</em></strong></span> <span class='ocrx_word' id='word_1_140' title='bbox 326 3234 389 3300; x_wconf 89' lang='lat' dir='ltr'><strong>imo</strong></span> <span class='ocrx_word' id='word_1_141' title='bbox 420 3234 562 3313; x_wconf 86' lang='lat' dir='ltr'><strong>debent,</strong></span> <span class='ocrx_word' id='word_1_142' title='bbox 590 3233 613 3300; x_wconf 90' lang='lat' dir='ltr'><strong>si</strong></span> <span class='ocrx_word' id='word_1_143' title='bbox 649 3245 694 3298; x_wconf 89' lang='lat' dir='ltr'><strong>tot</strong></span> <span class='ocrx_word' id='word_1_144' title='bbox 716 3254 870 3297; x_wconf 89' lang='lat' dir='ltr'><strong>annorum</strong></span> <span class='ocrx_word' id='word_1_145' title='bbox 885 3231 996 3298; x_wconf 84' lang='lat' dir='ltr'><strong>seriem</strong></span> <span class='ocrx_word' id='word_1_146' title='bbox 1014 3232 1142 3322; x_wconf 80' lang='lat' dir='ltr'><strong>cogitas.</strong></span> <span class='ocrx_word' id='word_1_147' title='bbox 1166 3230 1201 3298; x_wconf 89' lang='lat' dir='ltr'><strong>Si</strong></span> <span class='ocrx_word' id='word_1_148' title='bbox 1215 3253 1286 3297; x_wconf 80' lang='lat' dir='ltr'><strong>aero</strong></span> 
     </span>
    </p>
   </div>
   <div class='ocr_carea' id='block_1_6' title="bbox 363 3491 1283 3576">
    <p class='ocr_par' dir='ltr' id='par_1_7' title="bbox 363 3491 1283 3576">
     <span class='ocr_line' id='line_1_23' title="bbox 363 3491 1283 3576; baseline 0 -18"><span class='ocrx_word' id='word_1_149' title='bbox 363 3491 373 3523; x_wconf 85' lang='lat'>¹</span> <span class='ocrx_word' id='word_1_150' title='bbox 412 3507 462 3558; x_wconf 80' lang='lat' dir='ltr'><strong>un</strong></span> <span class='ocrx_word' id='word_1_151' title='bbox 507 3497 541 3558; x_wconf 77' lang='lat'><strong>1.&#39;</strong></span> <span class='ocrx_word' id='word_1_152' title='bbox 561 3507 610 3572; x_wconf 78' lang='lat' dir='ltr'><strong>ap.</strong></span> <span class='ocrx_word' id='word_1_153' title='bbox 645 3507 672 3558; x_wconf 81' lang='lat' dir='ltr'><strong>a.</strong></span> <span class='ocrx_word' id='word_1_154' title='bbox 702 3507 716 3574; x_wconf 66' lang='lat' dir='ltr'><strong>a</strong></span> <span class='ocrx_word' id='word_1_155' title='bbox 745 3508 774 3560; x_wconf 82' lang='lat' dir='ltr'><strong>a.</strong></span> <span class='ocrx_word' id='word_1_156' title='bbox 804 3507 826 3561; x_wconf 81' lang='lat' dir='ltr'><strong>r.</strong></span> <span class='ocrx_word' id='word_1_157' title='bbox 853 3510 941 3572; x_wconf 64' lang='lat' dir='ltr'><strong>napos</strong></span> <span class='ocrx_word' id='word_1_158' title='bbox 971 3525 995 3558; x_wconf 63' lang='grc' dir='ltr'><strong>ο.</strong></span> <span class='ocrx_word' id='word_1_159' title='bbox 1024 3505 1074 3558; x_wconf 78' lang='lat' dir='ltr'><strong>av.</strong></span> <span class='ocrx_word' id='word_1_160' title='bbox 1100 3508 1114 3576; x_wconf 67' lang='lat' dir='ltr'><strong>a</strong></span> <span class='ocrx_word' id='word_1_161' title='bbox 1137 3509 1164 3560; x_wconf 82' lang='lat'><strong>5.</strong></span> <span class='ocrx_word' id='word_1_162' title='bbox 1194 3507 1283 3562; x_wconf 65' lang='lat' dir='ltr'><strong>sarra</strong></span> 
     </span>
    </p>
   </div>
   <div class='ocr_carea' id='block_1_7' title="bbox 217 3605 1280 3690">
    <p class='ocr_par' dir='ltr' id='par_1_8' title="bbox 217 3605 1280 3690">
     <span class='ocr_line' id='line_1_24' title="bbox 217 3605 1280 3690; baseline 0 -30"><span class='ocrx_word' id='word_1_163' title='bbox 217 3637 222 3648; x_wconf 93' lang='lat'>·</span> <span class='ocrx_word' id='word_1_164' title='bbox 289 3681 299 3690; x_wconf 23' lang='grc' dir='ltr'><strong><em>ἐ</em></strong></span> <span class='ocrx_word' id='word_1_165' title='bbox 324 3605 434 3660; x_wconf 81' lang='lat' dir='ltr'><strong>Abeken</strong></span> <span class='ocrx_word' id='word_1_166' title='bbox 456 3625 485 3674; x_wconf 89' lang='lat' dir='ltr'><strong>p.</strong></span> <span class='ocrx_word' id='word_1_167' title='bbox 510 3607 565 3671; x_wconf 80' lang='lat'><strong>35,</strong></span> <span class='ocrx_word' id='word_1_168' title='bbox 595 3606 644 3673; x_wconf 92' lang='lat' dir='ltr'><strong>qui</strong></span> <span class='ocrx_word' id='word_1_169' title='bbox 663 3625 677 3656; x_wconf 88' lang='lat' dir='ltr'><strong>e</strong></span> <span class='ocrx_word' id='word_1_170' title='bbox 696 3607 831 3660; x_wconf 81' lang='lat' dir='ltr'><strong>Ciceronis</strong></span> <span class='ocrx_word' id='word_1_171' title='bbox 859 3609 919 3659; x_wconf 87' lang='lat' dir='ltr'><strong>ioco</strong></span> <span class='ocrx_word' id='word_1_172' title='bbox 944 3626 1034 3660; x_wconf 82' lang='lat' dir='ltr'><strong>rnunse</strong></span> <span class='ocrx_word' id='word_1_173' title='bbox 1064 3609 1175 3660; x_wconf 82' lang='lat' dir='ltr'><strong>demam</strong></span> <span class='ocrx_word' id='word_1_174' title='bbox 1192 3611 1280 3662; x_wconf 86' lang='lat' dir='ltr'><strong>Janu-</strong></span> 
     </span>
    </p>
   </div>
   <div class='ocr_carea' id='block_1_8' title="bbox 316 3707 1280 4174">
    <p class='ocr_par' dir='ltr' id='par_1_9' title="bbox 320 3707 1280 3875">
     <span class='ocr_line' id='line_1_25' title="bbox 320 3707 1280 3779; baseline 0.005 -22"><span class='ocrx_word' id='word_1_175' title='bbox 320 3710 378 3758; x_wconf 85' lang='lat' dir='ltr'><strong>erio</strong></span> <span class='ocrx_word' id='word_1_176' title='bbox 409 3709 574 3775; x_wconf 77' lang='lat' dir='ltr'><strong>insequentis</strong></span> <span class='ocrx_word' id='word_1_177' title='bbox 597 3707 662 3758; x_wconf 86' lang='lat' dir='ltr'><strong>anni</strong></span> <span class='ocrx_word' id='word_1_178' title='bbox 684 3711 796 3760; x_wconf 77' lang='lat' dir='ltr'><strong>Romam</strong></span> <span class='ocrx_word' id='word_1_179' title='bbox 815 3729 877 3762; x_wconf 87' lang='lat' dir='ltr'><strong>eum</strong></span> <span class='ocrx_word' id='word_1_180' title='bbox 897 3712 1011 3762; x_wconf 79' lang='lat' dir='ltr'><strong>rediisse</strong></span> <span class='ocrx_word' id='word_1_181' title='bbox 1035 3712 1180 3779; x_wconf 57' lang='lat' dir='ltr'><strong>opinatum</strong></span> <span class='ocrx_word' id='word_1_182' title='bbox 1206 3711 1280 3779; x_wconf 86' lang='lat' dir='ltr'><strong>quod</strong></span> 
     </span>
     <span class='ocr_line' id='line_1_26' title="bbox 320 3803 1054 3875; baseline 0.008 -18"><span class='ocrx_word' id='word_1_183' title='bbox 320 3803 368 3858; x_wconf 74' lang='lat' dir='ltr'><strong>neb</strong></span> <span class='ocrx_word' id='word_1_184' title='bbox 387 3823 491 3857; x_wconf 81' lang='lat' dir='ltr'><strong>neccsse</strong></span> <span class='ocrx_word' id='word_1_185' title='bbox 509 3814 547 3857; x_wconf 87' lang='lat' dir='ltr'><strong>cst</strong></span> <span class='ocrx_word' id='word_1_186' title='bbox 567 3813 594 3858; x_wconf 89' lang='lat' dir='ltr'><strong>et</strong></span> <span class='ocrx_word' id='word_1_187' title='bbox 612 3807 707 3874; x_wconf 81' lang='lat' dir='ltr'><strong>Nepoti</strong></span> <span class='ocrx_word' id='word_1_188' title='bbox 726 3809 931 3875; x_wconf 78' lang='lat' dir='ltr'><strong>quodammodo</strong></span> <span class='ocrx_word' id='word_1_189' title='bbox 950 3811 1054 3863; x_wconf 85' lang='lat' dir='ltr'><strong>obstat.</strong></span> 
     </span>
    </p>

    <p class='ocr_par' dir='ltr' id='par_1_10' title="bbox 316 3893 1280 4174">
     <span class='ocr_line' id='line_1_27' title="bbox 358 3893 1279 3978; baseline 0.001 -20"><span class='ocrx_word' id='word_1_190' title='bbox 358 3893 368 3927; x_wconf 79' lang='lat'>²</span> <span class='ocrx_word' id='word_1_191' title='bbox 408 3909 494 3974; x_wconf 68' lang='lat' dir='ltr'><strong>Nepos</strong></span> <span class='ocrx_word' id='word_1_192' title='bbox 512 3907 535 3960; x_wconf 88' lang='grc'><strong>1.</strong></span> <span class='ocrx_word' id='word_1_193' title='bbox 550 3909 572 3961; x_wconf 84' lang='lat'><strong>1.</strong></span> <span class='ocrx_word' id='word_1_194' title='bbox 590 3911 693 3974; x_wconf 84' lang='lat' dir='ltr'><strong>Quanto</strong></span> <span class='ocrx_word' id='word_1_195' title='bbox 710 3916 801 3976; x_wconf 79' lang='lat' dir='ltr'><strong>postca</strong></span> <span class='ocrx_word' id='word_1_196' title='bbox 821 3927 931 3978; x_wconf 85' lang='lat' dir='ltr'><strong>quoque</strong></span> <span class='ocrx_word' id='word_1_197' title='bbox 952 3909 1088 3962; x_wconf 83' lang='lat' dir='ltr'><strong>desiderio</strong></span> <span class='ocrx_word' id='word_1_198' title='bbox 1101 3910 1185 3964; x_wconf 76' lang='lat' dir='ltr'><strong>Attici</strong></span> <span class='ocrx_word' id='word_1_199' title='bbox 1202 3909 1279 3960; x_wconf 86' lang='lat' dir='ltr'><strong>ducti</strong></span> 
     </span>
     <span class='ocr_line' id='line_1_28' title="bbox 320 4005 1280 4076; baseline 0.004 -18"><span class='ocrx_word' id='word_1_200' title='bbox 320 4005 500 4062; x_wconf 78' lang='lat' dir='ltr'><strong>Athenienses</strong></span> <span class='ocrx_word' id='word_1_201' title='bbox 520 4008 643 4072; x_wconf 79' lang='lat' dir='ltr'><strong>suerint,</strong></span> <span class='ocrx_word' id='word_1_202' title='bbox 668 4010 798 4066; x_wconf 82' lang='lat' dir='ltr'><strong>docemur</strong></span> <span class='ocrx_word' id='word_1_203' title='bbox 821 4029 834 4061; x_wconf 82' lang='lat' dir='ltr'><strong>a</strong></span> <span class='ocrx_word' id='word_1_204' title='bbox 855 4007 911 4062; x_wconf 86' lang='lat' dir='ltr'><strong>Cic.</strong></span> <span class='ocrx_word' id='word_1_205' title='bbox 930 4012 963 4062; x_wconf 76' lang='lat' dir='ltr'><strong>ed</strong></span> <span class='ocrx_word' id='word_1_206' title='bbox 977 4012 1032 4064; x_wconf 78' lang='lat' dir='ltr'><strong>Art.</strong></span> <span class='ocrx_word' id='word_1_207' title='bbox 1050 4010 1109 4068; x_wconf 73' lang='lat' dir='ltr'><strong>tiu.</strong></span> <span class='ocrx_word' id='word_1_208' title='bbox 1129 4011 1159 4062; x_wconf 80' lang='lat' dir='ltr'><strong>V.</strong></span> <span class='ocrx_word' id='word_1_209' title='bbox 1176 4011 1280 4076; x_wconf 61' lang='lat' dir='ltr'><strong>Epio.</strong></span> 
     </span>
     <span class='ocr_line' id='line_1_29' title="bbox 316 4104 443 4174; baseline 0.016 -17"><span class='ocrx_word' id='word_1_210' title='bbox 316 4104 329 4174; x_wconf 66' lang='grc'>5</span> <span class='ocrx_word' id='word_1_211' title='bbox 350 4110 387 4171; x_wconf 88' lang='lat'><strong>1,</strong></span> <span class='ocrx_word' id='word_1_212' title='bbox 407 4107 443 4160; x_wconf 79' lang='grc'><strong>5.·</strong></span> 
     </span>
    </p>
   </div>
   <div class='ocr_carea' id='block_1_9' title="bbox 0 0 1490 5144">
    <p class='ocr_par' dir='ltr' id='par_1_11' title="bbox 0 0 1490 5144">
     <span class='ocr_line' id='line_1_30' title="bbox 0 0 1490 5144; baseline 0 1"><span class='ocrx_word' id='word_1_213' title='bbox 0 0 1490 5144; x_wconf 95' lang='lat' dir='ltr'><strong> </strong></span> 
     </span>
    </p>
   </div>
  </div>
 </body>
</html>
