3042 5140
731 589 793 654 167

281 769 370 835 bium
390 767 483 856 plane
501 766 611 846 tollet,
635 768 660 832 si
680 738 752 832 cum
775 771 886 834 ceteris
905 771 1095 858 argumentis
1107 769 1138 834 id
1159 789 1235 832 con·

274 889 438 977 junxeris,
462 899 545 954 retat
566 901 674 976 aperte
699 887 833 970 Cicero,
869 890 1061 979 Epicureum
1094 888 1236 957 Atticum

278 1011 399 1078 haberi.
447 1011 528 1077 Nam
550 1011 589 1075 ad
622 1009 659 1078 G.
680 1011 890 1091 Memmium,
914 1035 932 1076 a
962 1034 1024 1102 quo
1038 1041 1057 1090 ,¹
1075 1011 1233 1078 exsulante

277 1133 426 1212 Athenis,
445 1145 553 1221 rogatu
575 1133 658 1198 illius
678 1133 783 1221 petit,
810 1144 845 1198 ut
865 1155 937 1198 cum
960 1133 1092 1197 Patrone
1109 1132 1141 1196 in
1161 1153 1232 1221 gra·

276 1258 350 1322 tiam
400 1257 507 1321 redeat
560 1257 653 1343 eique
700 1255 872 1343 parietinas
916 1253 1066 1320 concedat
1108 1251 1232 1320 sedium

277 1377 432 1466 Epicuri,
465 1376 526 1442 hoc
546 1377 641 1442 modo
669 1377 798 1443 scribit:
828 1375 946 1454 «Sed,
971 1397 1011 1442 ne
1033 1373 1144 1464 plura,
1170 1374 1233 1462 (di-

276 1503 413 1568 cendum
439 1503 524 1565 enim
554 1489 732 1589 aliquando
761 1502 819 1584 est)
851 1496 1061 1587 Pomponium
1092 1497 1233 1562 Atticum

275 1623 318 1686 sio
339 1643 433 1694 amo,
460 1633 494 1685 ut
515 1619 648 1686 alterum
676 1619 824 1686 fratrem.
839 1634 895 1668 '-
917 1619 947 1684 ls
972 1619 1049 1704 (non
1068 1625 1182 1708 quasit
1195 1641 1230 1682 ex

276 1742 362 1808 istis:
390 1753 435 1806 est
466 1740 550 1804 enim
580 1740 666 1804 omni
690 1739 813 1805 liberali
836 1739 977 1804 doctrina
1008 1739 1231 1828 politissimus:

276 1863 329 1928 sed
352 1862 441 1928 valde
465 1863 569 1950 diligit
586 1861 753 1928 Patronem
777 1909 788 1940 ,
822 1857 911 1926 valde
932 1859 1111 1926 Phaedrum
1146 1883 1231 1924 aura·

274 1985 366 2066 vit,)
402 1984 446 2050 sic
477 2005 566 2050 ame
589 1983 649 2048 hoc
682 1982 870 2061 contendit,
905 2018 951 2030 —
984 1995 1019 2047 ut
1040 1979 1121 2046 nihil
1150 2005 1224 2048 um·

274 2127 368 2192 quam
394 2105 524 2193 magis»
542 2109 576 2172 ¹:
596 2105 683 2171 Haec
702 2106 779 2170 adeo
802 2105 1046 2195 quamproprie
1069 2103 1229 2172 Ciceronis

272 2227 425 2292 sententia
446 2226 564 2305 fuerit,
589 2239 699 2316 sponte
719 2228 814 2292 etiam
832 2225 1026 2314 explicatur,
1050 2246 1146 2314 quare
1173 2225 1226 2290 ille

272 2351 306 2412 in
352 2348 419 2412 aliis
456 2347 584 2438 quidem
615 2347 808 2436 pbilosophis
837 2347 1100 2435 disputationibus
1131 2346 1230 2412 Attici

271 2491 402 2556 persona
422 2469 564 2558 saepius,
589 2468 622 2532 in
644 2469 682 2535 iis
703 2490 798 2547 sero,
836 2489 915 2557 quas
935 2469 1066 2558 Epicuri
1088 2466 1227 2557 philoso-

269 2587 378 2675 phiam
410 2590 582 2678 subjectam
612 2575 673 2656 sibi
702 2589 865 2655 materiem
899 2589 1037 2669 habent,
1061 2610 1224 2680 nunquam

269 2728 340 2773 usus
358 2708 465 2778 fuerit.

314 2830 425 2918 ltaque
447 2830 537 2894 nobis
558 2831 597 2894 de
617 2830 737 2896 ratione
758 2854 795 2894 ac
815 2829 887 2909 ria,
914 2852 1008 2920 quam
1031 2830 1063 2893 in
1085 2829 1224 2918 philoso-

266 2947 341 3039 phia
361 2949 529 3016 excolenda
550 2952 672 3017 Atticus
692 2950 753 3016 fuit
775 2965 898 3018 secutus
910 3001 920 3032 ,
944 2952 987 3017 sic
1006 2951 1129 3016 videtur
1159 2952 1224 3016 exi·

266 3071 468 3137 stimandum.
505 3069 636 3136 Athenis
659 3071 691 3135 in
717 3073 848 3136 Zenonis
870 3071 1067 3161 Phaedrique
1088 3071 1223 3139 familia·

265 3193 391 3256 ritatem
421 3203 452 3254 et
476 3190 673 3279 disciplinam
696 3191 855 3271 incidens,
882 3194 990 3275 κυρίας
1014 3191 1145 3280 Epicuri
1168 3194 1224 3265 aa..

266 3314 322 3387 ξας
356 3311 545 3399 Pomponius
565 3312 701 3379 studiose
720 3314 854 3379 attendit
876 3314 1074 3406 multumque
1098 3317 1221 3404 impen-

266 3431 312 3496 dit
342 3429 524 3520 diligentiae
555 3410 588 3497 in
619 3445 685 3500 tota
715 3435 780 3523 ejus
814 3435 956 3501 doctrina
980 3436 1192 3524 cognoscendo
1208 3461 1218 3517 ;

264 3553 545 3639 cognitamentum
566 3557 610 3621 sic
633 3555 801 3637 adhibuit,
827 3570 862 3622 ut
884 3558 924 3623 ad
946 3560 1029 3623 vitae
1050 3581 1138 3623 usum
1153 3581 1222 3622 mo·

263 3696 374 3763 resque
405 3676 502 3741 bonos
520 3678 734 3742 informandos
756 3680 788 3743 in
811 3680 921 3768 primis
942 3703 1011 3745 eam
1034 3680 1219 3771 applicaret.

263 3793 397 3858 infitiari
429 3798 513 3862 enim
544 3800 678 3888 nequit,
713 3800 912 3890 disciplinam
944 3803 1094 3891 Epicuri,
1120 3803 1219 3892 qualis

265 3916 305 3979 nb
336 3917 401 4005 ipso
427 3919 540 3988 tradita
559 3923 644 4000 luit,
670 3923 766 3988 multa
790 3922 977 3989 continuisse
995 3923 1154 4011 praeclara
1177 3925 1222 3987 vi-

301 4074 309 4107 ¹
351 4072 410 4126 Lib.
431 4072 503 4125 Xlll·
521 4075 553 4124 ud
569 4077 641 4126 Faus.
662 4079 709 4144 Ep.
730 4082 756 4130 l.
777 4077 788 4144 §
808 4077 823 4128 5
