<?xml version="1.0" encoding="UTF-8"?>
<!DOCTYPE html PUBLIC "-//W3C//DTD XHTML 1.0 Transitional//EN"
    "http://www.w3.org/TR/xhtml1/DTD/xhtml1-transitional.dtd">
<html xmlns="http://www.w3.org/1999/xhtml" xml:lang="en" lang="en">
 <head>
  <title>
</title>
<meta http-equiv="Content-Type" content="text/html;charset=utf-8" />
  <meta name='ocr-system' content='tesseract 3.04.00' />
  <meta name='ocr-capabilities' content='ocr_page ocr_carea ocr_par ocr_line ocrx_word'/>
</head>
<body>
  <div class='ocr_page' id='page_1' title='image "./diatribeintpomp00hullgoog_0030.png"; bbox 0 0 2970 5144; ppageno 0'>
   <div class='ocr_carea' id='block_1_1' title="bbox 669 632 690 694">
    <p class='ocr_par' dir='ltr' id='par_1_1' title="bbox 669 632 690 694">
     <span class='ocr_line' id='line_1_1' title="bbox 669 632 690 694; baseline 0 0"><span class='ocrx_word' id='word_1_1' title='bbox 669 632 690 694; x_wconf 84' lang='lat'><strong>9</strong></span> 
     </span>
    </p>
   </div>
   <div class='ocr_carea' id='block_1_2' title="bbox 170 789 1264 3798">
    <p class='ocr_par' dir='ltr' id='par_1_2' title="bbox 170 789 1217 2226">
     <span class='ocr_line' id='line_1_2' title="bbox 210 789 1164 898; baseline 0 -24"><span class='ocrx_word' id='word_1_2' title='bbox 210 789 364 898; x_wconf 81' lang='lat' dir='ltr'><strong>exemplar</strong></span> <span class='ocrx_word' id='word_1_3' title='bbox 381 795 540 880; x_wconf 84' lang='lat' dir='ltr'><strong>¹omnium</strong></span> <span class='ocrx_word' id='word_1_4' title='bbox 572 797 750 874; x_wconf 86' lang='lat' dir='ltr'><strong>imitatione</strong></span> <span class='ocrx_word' id='word_1_5' title='bbox 770 801 1018 898; x_wconf 74' lang='lat' dir='ltr'><strong>dignissimum..</strong></span> <span class='ocrx_word' id='word_1_6' title='bbox 1074 808 1164 894; x_wconf 74' lang='lat' dir='ltr'><strong>Quod</strong></span> 
     </span>
     <span class='ocr_line' id='line_1_3' title="bbox 208 913 1170 1014; baseline 0 -18"><span class='ocrx_word' id='word_1_7' title='bbox 208 913 310 997; x_wconf 83' lang='lat' dir='ltr'><strong>minus</strong></span> <span class='ocrx_word' id='word_1_8' title='bbox 336 933 379 997; x_wconf 85' lang='lat' dir='ltr'><strong>ab</strong></span> <span class='ocrx_word' id='word_1_9' title='bbox 410 913 588 998; x_wconf 35' lang='lat' dir='ltr'><strong>eo&#39;faotnm</strong></span> <span class='ocrx_word' id='word_1_10' title='bbox 605 918 829 1014; x_wconf 74' lang='lat' dir='ltr'><strong>mirabimur,</strong></span> <span class='ocrx_word' id='word_1_11' title='bbox 855 930 880 996; x_wconf 87' lang='lat' dir='ltr'><strong>si</strong></span> <span class='ocrx_word' id='word_1_12' title='bbox 902 953 1025 998; x_wconf 91' lang='lat' dir='ltr'><strong>morum</strong></span> <span class='ocrx_word' id='word_1_13' title='bbox 1055 949 1170 996; x_wconf 89' lang='lat' dir='ltr'><strong>corru-</strong></span> 
     </span>
     <span class='ocr_line' id='line_1_4' title="bbox 206 1037 1168 1144; baseline -0.002 -26"><span class='ocrx_word' id='word_1_14' title='bbox 206 1055 334 1144; x_wconf 84' lang='lat' dir='ltr'><strong>ptelam·</strong></span> <span class='ocrx_word' id='word_1_15' title='bbox 356 1055 592 1144; x_wconf 73' lang='lat' dir='ltr'><strong>cogitaverimus</strong></span> <span class='ocrx_word' id='word_1_16' title='bbox 605 1063 619 1136; x_wconf 53' lang='grc' dir='ltr'><strong>,ἵ</strong></span> <span class='ocrx_word' id='word_1_17' title='bbox 632 1037 635 1055; x_wconf 49' lang='lat'><strong>⁴</strong></span> <span class='ocrx_word' id='word_1_18' title='bbox 647 1041 728 1144; x_wconf 79' lang='lat' dir='ltr'><strong>quae</strong></span> <span class='ocrx_word' id='word_1_19' title='bbox 758 1043 900 1143; x_wconf 82' lang='lat' dir='ltr'><strong>¹Nepotis</strong></span> <span class='ocrx_word' id='word_1_20' title='bbox 916 1057 988 1142; x_wconf 79' lang='lat' dir='ltr'><strong>,jam</strong></span> <span class='ocrx_word' id='word_1_21' title='bbox 1011 1063 1111 1118; x_wconf 86' lang='lat' dir='ltr'><strong>aetate</strong></span> <span class='ocrx_word' id='word_1_22' title='bbox 1135 1053 1168 1116; x_wconf 88' lang='lat' dir='ltr'><strong>in</strong></span> 
     </span>
     <span class='ocr_line' id='line_1_5' title="bbox 205 1155 1162 1265; baseline -0.004 -25"><span class='ocrx_word' id='word_1_23' title='bbox 205 1175 345 1240; x_wconf 81' lang='lat' dir='ltr'><strong>Romana</strong></span> <span class='ocrx_word' id='word_1_24' title='bbox 366 1155 527 1265; x_wconf 81' lang='lat' dir='ltr'><strong>republica</strong></span> <span class='ocrx_word' id='word_1_25' title='bbox 550 1157 631 1242; x_wconf 77' lang='lat' dir='ltr'><strong>dirce</strong></span> <span class='ocrx_word' id='word_1_26' title='bbox 651 1199 705 1242; x_wconf 86' lang='lat' dir='ltr'><strong>sna</strong></span> <span class='ocrx_word' id='word_1_27' title='bbox 728 1175 781 1240; x_wconf 81' lang='lat' dir='ltr'><strong>Ine</strong></span> <span class='ocrx_word' id='word_1_28' title='bbox 810 1175 895 1240; x_wconf 82' lang='lat' dir='ltr'><strong>velut</strong></span> <span class='ocrx_word' id='word_1_29' title='bbox 918 1197 1031 1238; x_wconf 75' lang='lat' dir='ltr'><strong>aaron</strong></span> <span class='ocrx_word' id='word_1_30' title='bbox 1059 1175 1162 1238; x_wconf 77' lang='lat' dir='ltr'><strong>vitia-</strong></span> 
     </span>
     <span class='ocr_line' id='line_1_6' title="bbox 204 1279 1168 1386; baseline -0.004 -26"><span class='ocrx_word' id='word_1_31' title='bbox 204 1279 321 1365; x_wconf 48' lang='lat' dir='ltr'><strong>neratr</strong></span> <span class='ocrx_word' id='word_1_32' title='bbox 336 1281 538 1377; x_wconf 73' lang='lat' dir='ltr'><strong>Accedebat,</strong></span> <span class='ocrx_word' id='word_1_33' title='bbox 572 1285 762 1386; x_wconf 83' lang='lat' dir='ltr'><strong>idque&#39;non</strong></span> <span class='ocrx_word' id='word_1_34' title='bbox 788 1287 889 1361; x_wconf 88' lang='lat' dir='ltr'><strong>minus</strong></span> <span class='ocrx_word' id='word_1_35' title='bbox 910 1295 944 1358; x_wconf 90' lang='lat' dir='ltr'><strong>in</strong></span> <span class='ocrx_word' id='word_1_36' title='bbox 967 1299 1094 1360; x_wconf 85' lang='lat' dir='ltr'><strong>censum</strong></span> <span class='ocrx_word' id='word_1_37' title='bbox 1114 1315 1168 1356; x_wconf 86' lang='lat' dir='ltr'><strong>ve·</strong></span> 
     </span>
     <span class='ocr_line' id='line_1_7' title="bbox 170 1401 1169 1508; baseline -0.005 -27"><span class='ocrx_word' id='word_1_38' title='bbox 170 1434 179 1451; x_wconf 68' lang='lat'><strong><em>⁵</em></strong></span> <span class='ocrx_word' id='word_1_39' title='bbox 206 1419 276 1496; x_wconf 84' lang='lat' dir='ltr'><strong>nit,</strong></span> <span class='ocrx_word' id='word_1_40' title='bbox 300 1401 384 1508; x_wconf 87' lang='lat' dir='ltr'><strong>qood</strong></span> <span class='ocrx_word' id='word_1_41' title='bbox 403 1419 441 1483; x_wconf 90' lang='lat' dir='ltr'><strong>de</strong></span> <span class='ocrx_word' id='word_1_42' title='bbox 458 1441 495 1482; x_wconf 93' lang='lat' dir='ltr'><strong>eo</strong></span> <span class='ocrx_word' id='word_1_43' title='bbox 517 1419 688 1496; x_wconf 78' lang='lat' dir='ltr'><strong>scriberet,</strong></span> <span class='ocrx_word' id='word_1_44' title='bbox 715 1407 777 1506; x_wconf 84' lang='lat' dir='ltr'><strong>quo</strong></span> <span class='ocrx_word' id='word_1_45' title='bbox 801 1416 871 1483; x_wconf 83' lang='lat' dir='ltr'><strong>tiro</strong></span> <span class='ocrx_word' id='word_1_46' title='bbox 891 1414 1081 1488; x_wconf 84' lang='lat' dir='ltr'><strong>amicissime</strong></span> <span class='ocrx_word' id='word_1_47' title='bbox 1097 1413 1169 1479; x_wconf 84' lang='lat' dir='ltr'><strong>fuc-</strong></span> 
     </span>
     <span class='ocr_line' id='line_1_8' title="bbox 208 1521 1170 1629; baseline -0.005 -28"><span class='ocrx_word' id='word_1_48' title='bbox 208 1551 254 1602; x_wconf 89' lang='lat' dir='ltr'><strong>rat</strong></span> <span class='ocrx_word' id='word_1_49' title='bbox 283 1521 383 1619; x_wconf 82' lang='lat' dir='ltr'><strong>usus,</strong></span> <span class='ocrx_word' id='word_1_50' title='bbox 410 1549 503 1629; x_wconf 88' lang='lat' dir='ltr'><strong>quem</strong></span> <span class='ocrx_word' id='word_1_51' title='bbox 534 1551 693 1604; x_wconf 88' lang='lat' dir='ltr'><strong>mortuum</strong></span> <span class='ocrx_word' id='word_1_52' title='bbox 728 1538 781 1626; x_wconf 90' lang='lat' dir='ltr'><strong>pic</strong></span> <span class='ocrx_word' id='word_1_53' title='bbox 810 1537 1058 1601; x_wconf 83' lang='lat' dir='ltr'><strong>venerabatur¹.</strong></span> <span class='ocrx_word' id='word_1_54' title='bbox 1084 1530 1170 1598; x_wconf 85' lang='lat' dir='ltr'><strong>llaec</strong></span> 
     </span>
     <span class='ocr_line' id='line_1_9' title="bbox 206 1647 1171 1749; baseline -0.007 -25"><span class='ocrx_word' id='word_1_55' title='bbox 206 1669 333 1738; x_wconf 79' lang='lat' dir='ltr'><strong>teneat,</strong></span> <span class='ocrx_word' id='word_1_56' title='bbox 357 1663 409 1723; x_wconf 90' lang='lat' dir='ltr'><strong>coi</strong></span> <span class='ocrx_word' id='word_1_57' title='bbox 430 1647 538 1724; x_wconf 78' lang='lat' dir='ltr'><strong>Attici</strong></span> <span class='ocrx_word' id='word_1_58' title='bbox 559 1667 700 1725; x_wconf 74' lang='lat' dir='ltr'><strong>vitame</strong></span> <span class='ocrx_word' id='word_1_59' title='bbox 720 1661 843 1749; x_wconf 86' lang='lat' dir='ltr'><strong>Nepote</strong></span> <span class='ocrx_word' id='word_1_60' title='bbox 872 1659 1020 1747; x_wconf 80' lang='lat' dir='ltr'><strong>scriptam</strong></span> <span class='ocrx_word' id='word_1_61' title='bbox 1052 1652 1171 1743; x_wconf 90' lang='lat' dir='ltr'><strong>dijudi-</strong></span> 
     </span>
     <span class='ocr_line' id='line_1_10' title="bbox 208 1763 1217 1867; baseline -0.003 -24"><span class='ocrx_word' id='word_1_62' title='bbox 208 1769 279 1843; x_wconf 79' lang='lat' dir='ltr'><strong>care</strong></span> <span class='ocrx_word' id='word_1_63' title='bbox 292 1763 420 1865; x_wconf 81' lang='lat' dir='ltr'><strong>placeat</strong></span> <span class='ocrx_word' id='word_1_64' title='bbox 433 1828 442 1856; x_wconf 95' lang='lat'><strong>,</strong></span> <span class='ocrx_word' id='word_1_65' title='bbox 457 1765 570 1866; x_wconf 83' lang='lat' dir='ltr'><strong>-ueque</strong></span> <span class='ocrx_word' id='word_1_66' title='bbox 592 1780 702 1852; x_wconf 83' lang='lat' dir='ltr'><strong>elatius</strong></span> <span class='ocrx_word' id='word_1_67' title='bbox 713 1774 886 1867; x_wconf 70' lang='lat' dir='ltr'><strong>scriptoris</strong></span> <span class='ocrx_word' id='word_1_68' title='bbox 918 1777 1045 1843; x_wconf 85' lang='lat' dir='ltr'><strong>dicendi</strong></span> <span class='ocrx_word' id='word_1_69' title='bbox 1074 1791 1170 1865; x_wconf 89' lang='lat' dir='ltr'><strong>genus</strong></span> <span class='ocrx_word' id='word_1_70' title='bbox 1214 1795 1217 1800; x_wconf 84' lang='lat'>·</span> 
     </span>
     <span class='ocr_line' id='line_1_11' title="bbox 208 1875 1170 1987; baseline 0 -25"><span class='ocrx_word' id='word_1_71' title='bbox 208 1875 423 1985; x_wconf 77' lang='lat' dir='ltr'><strong>objurgatione</strong></span> <span class='ocrx_word' id='word_1_72' title='bbox 454 1897 598 1967; x_wconf 85' lang='lat' dir='ltr'><strong>incesset.</strong></span> <span class='ocrx_word' id='word_1_73' title='bbox 645 1889 813 1964; x_wconf 68' lang='lat' dir='ltr'><strong>&#39;Laudabo</strong></span> <span class='ocrx_word' id='word_1_74' title='bbox 837 1897 946 1987; x_wconf 84' lang='lat' dir='ltr'><strong>potius</strong></span> <span class='ocrx_word' id='word_1_75' title='bbox 977 1909 1170 1963; x_wconf 76' lang='lat' dir='ltr'><strong>constantem</strong></span> 
     </span>
     <span class='ocr_line' id='line_1_12' title="bbox 207 1996 1167 2106; baseline 0 -24"><span class='ocrx_word' id='word_1_76' title='bbox 207 1996 339 2104; x_wconf 83' lang='lat' dir='ltr'><strong>Nepotis</strong></span> <span class='ocrx_word' id='word_1_77' title='bbox 355 2011 561 2104; x_wconf 73' lang='lat' dir='ltr'><strong>religionem,</strong></span> <span class='ocrx_word' id='word_1_78' title='bbox 584 2019 639 2106; x_wconf 89' lang='lat' dir='ltr'><strong>qui</strong></span> <span class='ocrx_word' id='word_1_79' title='bbox 660 2011 725 2083; x_wconf 90' lang='lat' dir='ltr'><strong>tam</strong></span> <span class='ocrx_word' id='word_1_80' title='bbox 743 2017 865 2094; x_wconf 73' lang='lat' dir='ltr'><strong>lubrica</strong></span> <span class='ocrx_word' id='word_1_81' title='bbox 884 2019 933 2082; x_wconf 78' lang='lat' dir='ltr'><strong>viai</strong></span> <span class='ocrx_word' id='word_1_82' title='bbox 952 2019 1046 2084; x_wconf 81' lang='lat' dir='ltr'><strong>li&#39;rmo</strong></span> <span class='ocrx_word' id='word_1_83' title='bbox 1071 2017 1167 2105; x_wconf 74' lang='lat' dir='ltr'><strong>gradu</strong></span> 
     </span>
     <span class='ocr_line' id='line_1_13' title="bbox 208 2117 1043 2226; baseline 0.005 -26"><span class='ocrx_word' id='word_1_84' title='bbox 208 2117 390 2224; x_wconf 75' lang='lat' dir='ltr'><strong>precesserit</strong></span> <span class='ocrx_word' id='word_1_85' title='bbox 403 2159 467 2204; x_wconf 26' lang='lat' dir='ltr'><strong>inec</strong></span> <span class='ocrx_word' id='word_1_86' title='bbox 490 2123 621 2226; x_wconf 83' lang='lat' dir='ltr'><strong>usquam</strong></span> <span class='ocrx_word' id='word_1_87' title='bbox 643 2137 683 2202; x_wconf 88' lang='lat' dir='ltr'><strong>de</strong></span> <span class='ocrx_word' id='word_1_88' title='bbox 707 2150 795 2204; x_wconf 88' lang='lat' dir='ltr'><strong>recta</strong></span> <span class='ocrx_word' id='word_1_89' title='bbox 814 2139 988 2205; x_wconf 80' lang='lat' dir='ltr'><strong>deflexerit.</strong></span> <span class='ocrx_word' id='word_1_90' title='bbox 1040 2147 1043 2204; x_wconf 78' lang='grc' dir='ltr'>ζ</span> 
     </span>
    </p>

    <p class='ocr_par' dir='ltr' id='par_1_3' title="bbox 207 2241 1167 2474">
     <span class='ocr_line' id='line_1_14' title="bbox 253 2241 1167 2348; baseline 0.003 -27"><span class='ocrx_word' id='word_1_91' title='bbox 253 2241 339 2322; x_wconf 82' lang='lat' dir='ltr'><strong>llaec</strong></span> <span class='ocrx_word' id='word_1_92' title='bbox 354 2243 407 2322; x_wconf 52' lang='lat' dir='ltr'><strong>¹‹l&#39;e</strong></span> <span class='ocrx_word' id='word_1_93' title='bbox 435 2255 557 2348; x_wconf 86' lang='lat' dir='ltr'><strong>Nepote</strong></span> <span class='ocrx_word' id='word_1_94' title='bbox 579 2260 713 2324; x_wconf 85' lang='lat' dir='ltr'><strong>dicenda</strong></span> <span class='ocrx_word' id='word_1_95' title='bbox 736 2257 935 2328; x_wconf 87' lang='lat' dir='ltr'><strong>videbantur.</strong></span> <span class='ocrx_word' id='word_1_96' title='bbox 976 2261 1006 2327; x_wconf 92' lang='lat' dir='ltr'>N</span> <span class='ocrx_word' id='word_1_97' title='bbox 1011 2283 1072 2326; x_wconf 90' lang='lat' dir='ltr'><strong>uno</strong></span> <span class='ocrx_word' id='word_1_98' title='bbox 1093 2281 1167 2332; x_wconf 72' lang='lat' dir='ltr'><strong>aero</strong></span> 
     </span>
     <span class='ocr_line' id='line_1_15' title="bbox 207 2362 1023 2474; baseline 0.011 -35"><span class='ocrx_word' id='word_1_99' title='bbox 207 2379 416 2474; x_wconf 81' lang='lat' dir='ltr'><strong>producamus</strong></span> <span class='ocrx_word' id='word_1_100' title='bbox 440 2362 494 2448; x_wconf 60' lang='lat' dir='ltr'><strong>M,</strong></span> <span class='ocrx_word' id='word_1_101' title='bbox 516 2381 547 2446; x_wconf 86' lang='lat' dir='ltr'><em>T</em></span> <span class='ocrx_word' id='word_1_102' title='bbox 544 2381 664 2446; x_wconf 77' lang='lat' dir='ltr'><strong>ullium</strong></span> <span class='ocrx_word' id='word_1_103' title='bbox 691 2383 906 2450; x_wconf 44' lang='lat' dir='ltr'><strong>Ciceronems</strong></span> <span class='ocrx_word' id='word_1_104' title='bbox 1005 2389 1023 2448; x_wconf 89' lang='lat'><strong>.&#39;</strong></span> 
     </span>
    </p>

    <p class='ocr_par' dir='ltr' id='par_1_4' title="bbox 209 2499 1264 3798">
     <span class='ocr_line' id='line_1_16' title="bbox 256 2499 1169 2591; baseline 0.001 -27"><span class='ocrx_word' id='word_1_105' title='bbox 256 2499 282 2564; x_wconf 84' lang='grc' dir='ltr'>Ε</span> <span class='ocrx_word' id='word_1_106' title='bbox 303 2499 393 2564; x_wconf 77' lang='lat' dir='ltr'><strong>ratiis</strong></span> <span class='ocrx_word' id='word_1_107' title='bbox 410 2501 554 2589; x_wconf 87' lang='lat' dir='ltr'><strong>seriptis,</strong></span> <span class='ocrx_word' id='word_1_108' title='bbox 576 2525 657 2591; x_wconf 91' lang='lat' dir='ltr'><strong>qnae</strong></span> <span class='ocrx_word' id='word_1_109' title='bbox 678 2527 694 2567; x_wconf 89' lang='lat' dir='ltr'><strong>a</strong></span> <span class='ocrx_word' id='word_1_110' title='bbox 718 2502 872 2569; x_wconf 83' lang='lat' dir='ltr'><strong>Cicerone</strong></span> <span class='ocrx_word' id='word_1_111' title='bbox 892 2502 1034 2590; x_wconf 81' lang='lat' dir='ltr'><strong>profecta</strong></span> <span class='ocrx_word' id='word_1_112' title='bbox 1056 2501 1169 2566; x_wconf 87' lang='lat' dir='ltr'><strong>hodic·</strong></span> 
     </span>
     <span class='ocr_line' id='line_1_17' title="bbox 211 2603 1169 2712; baseline 0.002 -29"><span class='ocrx_word' id='word_1_113' title='bbox 211 2637 272 2709; x_wconf 87' lang='lat' dir='ltr'><strong>que</strong></span> <span class='ocrx_word' id='word_1_114' title='bbox 298 2603 437 2701; x_wconf 80' lang='lat' dir='ltr'><strong>exstant,</strong></span> <span class='ocrx_word' id='word_1_115' title='bbox 470 2622 577 2703; x_wconf 89' lang='lat' dir='ltr'><strong>nulla,</strong></span> <span class='ocrx_word' id='word_1_116' title='bbox 609 2625 656 2688; x_wconf 88' lang='lat' dir='ltr'><strong>uti</strong></span> <span class='ocrx_word' id='word_1_117' title='bbox 687 2624 736 2688; x_wconf 82' lang='lat' dir='ltr'><strong>rel</strong></span> <span class='ocrx_word' id='word_1_118' title='bbox 779 2646 842 2689; x_wconf 92' lang='lat' dir='ltr'><strong>nou</strong></span> <span class='ocrx_word' id='word_1_119' title='bbox 881 2623 1017 2688; x_wconf 88' lang='lat' dir='ltr'><strong>monitus</strong></span> <span class='ocrx_word' id='word_1_120' title='bbox 1059 2634 1169 2712; x_wconf 88' lang='lat' dir='ltr'><strong>sponte</strong></span> 
     </span>
     <span class='ocr_line' id='line_1_18' title="bbox 209 2743 1167 2832; baseline -0.002 -24"><span class='ocrx_word' id='word_1_121' title='bbox 209 2743 342 2831; x_wconf 89' lang='lat' dir='ltr'><strong>quisque</strong></span> <span class='ocrx_word' id='word_1_122' title='bbox 374 2743 570 2832; x_wconf 86' lang='lat' dir='ltr'><strong>suspicatur,</strong></span> <span class='ocrx_word' id='word_1_123' title='bbox 603 2745 693 2810; x_wconf 89' lang='lat' dir='ltr'><strong>nobis</strong></span> <span class='ocrx_word' id='word_1_124' title='bbox 726 2744 764 2809; x_wconf 91' lang='lat' dir='ltr'><strong>ad</strong></span> <span class='ocrx_word' id='word_1_125' title='bbox 789 2744 887 2810; x_wconf 79' lang='lat' dir='ltr'><strong>Attici</strong></span> <span class='ocrx_word' id='word_1_126' title='bbox 912 2767 958 2808; x_wconf 88' lang='lat' dir='ltr'><strong>res</strong></span> <span class='ocrx_word' id='word_1_127' title='bbox 980 2754 1079 2832; x_wconf 88' lang='lat' dir='ltr'><strong>gestas</strong></span> <span class='ocrx_word' id='word_1_128' title='bbox 1098 2765 1167 2807; x_wconf 86' lang='lat' dir='ltr'><strong>mo-</strong></span> 
     </span>
     <span class='ocr_line' id='line_1_19' title="bbox 209 2863 1168 2954; baseline 0 -26"><span class='ocrx_word' id='word_1_129' title='bbox 209 2878 319 2952; x_wconf 86' lang='lat' dir='ltr'><strong>resque</strong></span> <span class='ocrx_word' id='word_1_130' title='bbox 338 2865 566 2952; x_wconf 88' lang='lat' dir='ltr'><strong>co&#39;guoscendos</strong></span> <span class='ocrx_word' id='word_1_131' title='bbox 585 2867 713 2953; x_wconf 80' lang='lat' dir='ltr'><strong>majoris</strong></span> <span class='ocrx_word' id='word_1_132' title='bbox 731 2877 803 2930; x_wconf 89' lang='lat' dir='ltr'><strong>sunt</strong></span> <span class='ocrx_word' id='word_1_133' title='bbox 822 2865 943 2954; x_wconf 90' lang='lat' dir='ltr'><strong>pretii,</strong></span> <span class='ocrx_word' id='word_1_134' title='bbox 963 2886 1056 2952; x_wconf 90' lang='lat' dir='ltr'><strong>quam</strong></span> <span class='ocrx_word' id='word_1_135' title='bbox 1077 2863 1168 2928; x_wconf 81' lang='lat' dir='ltr'><strong>oede-</strong></span> 
     </span>
     <span class='ocr_line' id='line_1_20' title="bbox 209 2985 1166 3074; baseline 0.007 -28"><span class='ocrx_word' id='word_1_136' title='bbox 209 2988 272 3047; x_wconf 83' lang='lat' dir='ltr'><strong>oim</strong></span> <span class='ocrx_word' id='word_1_137' title='bbox 289 2987 457 3050; x_wconf 82' lang='lat' dir='ltr'><strong>volumina</strong></span> <span class='ocrx_word' id='word_1_138' title='bbox 469 2987 736 3074; x_wconf 78' lang='lat' dir='ltr'><strong>Epistularum,</strong></span> <span class='ocrx_word' id='word_1_139' title='bbox 752 2989 803 3052; x_wconf 84' lang='lat' dir='ltr'><strong>ad</strong></span> <span class='ocrx_word' id='word_1_140' title='bbox 811 2985 962 3052; x_wconf 78' lang='lat' dir='ltr'><strong>Atticum</strong></span> <span class='ocrx_word' id='word_1_141' title='bbox 973 2989 1166 3053; x_wconf 78' lang='lat' dir='ltr'><strong>missarum.</strong></span> 
     </span>
     <span class='ocr_line' id='line_1_21' title="bbox 212 3103 1169 3199; baseline -0.002 -29"><span class='ocrx_word' id='word_1_142' title='bbox 212 3103 381 3171; x_wconf 81' lang='lat' dir='ltr'><strong>Continent</strong></span> <span class='ocrx_word' id='word_1_143' title='bbox 403 3107 456 3172; x_wconf 88' lang='lat' dir='ltr'><strong>illa</strong></span> <span class='ocrx_word' id='word_1_144' title='bbox 477 3109 602 3174; x_wconf 87' lang='lat' dir='ltr'><strong>circiter</strong></span> <span class='ocrx_word' id='word_1_145' title='bbox 628 3109 871 3199; x_wconf 86' lang='lat' dir='ltr'><strong>quadringentas</strong></span> <span class='ocrx_word' id='word_1_146' title='bbox 883 3104 1056 3198; x_wconf 72' lang='lat' dir='ltr'><strong>Epinoion,</strong></span> <span class='ocrx_word' id='word_1_147' title='bbox 1075 3127 1169 3194; x_wconf 89' lang='lat' dir='ltr'><strong>quae,</strong></span> 
     </span>
     <span class='ocr_line' id='line_1_22' title="bbox 210 3227 1168 3317; baseline 0.001 -28"><span class='ocrx_word' id='word_1_148' title='bbox 210 3227 250 3290; x_wconf 93' lang='lat' dir='ltr'><strong>ab</strong></span> <span class='ocrx_word' id='word_1_149' title='bbox 278 3249 359 3290; x_wconf 90' lang='lat' dir='ltr'><strong>anno</strong></span> <span class='ocrx_word' id='word_1_150' title='bbox 388 3229 461 3294; x_wconf 85' lang='lat' dir='ltr'><strong>inde</strong></span> <span class='ocrx_word' id='word_1_151' title='bbox 499 3230 539 3299; x_wconf 92' lang='lat' dir='ltr'><strong>U.</strong></span> <span class='ocrx_word' id='word_1_152' title='bbox 563 3230 601 3300; x_wconf 83' lang='lat' dir='ltr'><strong>C.</strong></span> <span class='ocrx_word' id='word_1_153' title='bbox 632 3235 698 3298; x_wconf 80' lang='lat'><strong>685</strong></span> <span class='ocrx_word' id='word_1_154' title='bbox 718 3268 764 3282; x_wconf 91' lang='lat'><strong>-·</strong></span> <span class='ocrx_word' id='word_1_155' title='bbox 787 3230 853 3295; x_wconf 83' lang='lat'><strong>710</strong></span> <span class='ocrx_word' id='word_1_156' title='bbox 884 3231 1038 3317; x_wconf 82' lang='lat' dir='ltr'><strong>scriptae,</strong></span> <span class='ocrx_word' id='word_1_157' title='bbox 1061 3247 1112 3292; x_wconf 85' lang='lat' dir='ltr'><strong>sex</strong></span> <span class='ocrx_word' id='word_1_158' title='bbox 1136 3241 1168 3290; x_wconf 86' lang='lat' dir='ltr'><strong>ot</strong></span> 
     </span>
     <span class='ocr_line' id='line_1_23' title="bbox 211 3317 1264 3438; baseline 0.001 -27"><span class='ocrx_word' id='word_1_159' title='bbox 211 3349 321 3436; x_wconf 78' lang='lat' dir='ltr'><strong>viginti</strong></span> <span class='ocrx_word' id='word_1_160' title='bbox 349 3371 508 3414; x_wconf 89' lang='lat' dir='ltr'><strong>annorum</strong></span> <span class='ocrx_word' id='word_1_161' title='bbox 538 3350 695 3438; x_wconf 85' lang='lat' dir='ltr'><strong>spatium,</strong></span> <span class='ocrx_word' id='word_1_162' title='bbox 734 3348 828 3415; x_wconf 90' lang='lat' dir='ltr'><strong>modo</strong></span> <span class='ocrx_word' id='word_1_163' title='bbox 850 3349 1047 3426; x_wconf 88' lang='lat' dir='ltr'><strong>continuum,</strong></span> <span class='ocrx_word' id='word_1_164' title='bbox 1075 3346 1168 3412; x_wconf 89' lang='lat' dir='ltr'><strong>modo</strong></span> <span class='ocrx_word' id='word_1_165' title='bbox 1252 3317 1264 3330; x_wconf 91' lang='lat'><em>.</em></span> 
     </span>
     <span class='ocr_line' id='line_1_24' title="bbox 211 3467 1168 3560; baseline -0.002 -28"><span class='ocrx_word' id='word_1_166' title='bbox 211 3469 406 3558; x_wconf 84' lang='lat' dir='ltr'><strong>aliquamdiu</strong></span> <span class='ocrx_word' id='word_1_167' title='bbox 421 3470 631 3560; x_wconf 91' lang='lat' dir='ltr'><strong>interruptum</strong></span> <span class='ocrx_word' id='word_1_168' title='bbox 644 3519 654 3552; x_wconf 95' lang='lat'><strong>,</strong></span> <span class='ocrx_word' id='word_1_169' title='bbox 669 3469 936 3560; x_wconf 88' lang='lat' dir='ltr'><strong>complectuntur.</strong></span> <span class='ocrx_word' id='word_1_170' title='bbox 962 3469 1072 3533; x_wconf 83' lang='lat' dir='ltr'><strong>Fidem</strong></span> <span class='ocrx_word' id='word_1_171' title='bbox 1094 3467 1168 3531; x_wconf 88' lang='lat' dir='ltr'><strong>illa-</strong></span> 
     </span>
     <span class='ocr_line' id='line_1_25' title="bbox 212 3590 1167 3680; baseline -0.002 -27"><span class='ocrx_word' id='word_1_172' title='bbox 212 3612 282 3654; x_wconf 88' lang='lat' dir='ltr'><strong>rum</strong></span> <span class='ocrx_word' id='word_1_173' title='bbox 317 3591 526 3680; x_wconf 79' lang='lat' dir='ltr'><strong>Epistolarum</strong></span> <span class='ocrx_word' id='word_1_174' title='bbox 560 3615 652 3656; x_wconf 91' lang='lat' dir='ltr'><strong>nemo</strong></span> <span class='ocrx_word' id='word_1_175' title='bbox 683 3591 775 3658; x_wconf 90' lang='lat' dir='ltr'><strong>laoile</strong></span> <span class='ocrx_word' id='word_1_176' title='bbox 794 3590 1024 3669; x_wconf 84' lang='lat' dir='ltr'><strong>addubitahit,</strong></span> <span class='ocrx_word' id='word_1_177' title='bbox 1043 3610 1167 3676; x_wconf 80' lang='lat' dir='ltr'><strong>neque,</strong></span> 
     </span>
     <span class='ocr_line' id='line_1_26' title="bbox 212 3711 1167 3798; baseline -0.003 -23"><span class='ocrx_word' id='word_1_178' title='bbox 212 3711 312 3798; x_wconf 89' lang='lat' dir='ltr'><strong>quoad</strong></span> <span class='ocrx_word' id='word_1_179' title='bbox 346 3714 433 3791; x_wconf 88' lang='lat' dir='ltr'><strong>scio,</strong></span> <span class='ocrx_word' id='word_1_180' title='bbox 454 3713 636 3780; x_wconf 88' lang='lat' dir='ltr'><strong>addubitata</strong></span> <span class='ocrx_word' id='word_1_181' title='bbox 656 3714 708 3779; x_wconf 90' lang='lat' dir='ltr'><strong>illa</strong></span> <span class='ocrx_word' id='word_1_182' title='bbox 729 3713 800 3780; x_wconf 89' lang='lat' dir='ltr'><strong>luit.</strong></span> <span class='ocrx_word' id='word_1_183' title='bbox 838 3713 872 3778; x_wconf 93' lang='lat' dir='ltr'><strong>Si</strong></span> <span class='ocrx_word' id='word_1_184' title='bbox 893 3726 1063 3777; x_wconf 80' lang='lat' dir='ltr'><strong>extremum</strong></span> <span class='ocrx_word' id='word_1_185' title='bbox 1086 3712 1167 3774; x_wconf 84' lang='lat' dir='ltr'><strong>vitae</strong></span> 
     </span>
    </p>
   </div>
   <div class='ocr_carea' id='block_1_3' title="bbox 211 3830 1168 3924">
    <p class='ocr_par' dir='ltr' id='par_1_5' title="bbox 211 3830 1168 3924">
     <span class='ocr_line' id='line_1_27' title="bbox 211 3830 1168 3924; baseline 0.003 -33"><span class='ocrx_word' id='word_1_186' title='bbox 211 3841 334 3918; x_wconf 88' lang='lat' dir='ltr'><strong>tempus</strong></span> <span class='ocrx_word' id='word_1_187' title='bbox 364 3833 518 3922; x_wconf 79' lang='lat' dir='ltr'><strong>excipias,</strong></span> <span class='ocrx_word' id='word_1_188' title='bbox 553 3834 699 3924; x_wconf 80' lang='lat' dir='ltr'><strong>colligere</strong></span> <span class='ocrx_word' id='word_1_189' title='bbox 724 3857 775 3900; x_wconf 90' lang='lat' dir='ltr'><strong>eas</strong></span> <span class='ocrx_word' id='word_1_190' title='bbox 802 3845 896 3924; x_wconf 89' lang='lat' dir='ltr'><strong>atque</strong></span> <span class='ocrx_word' id='word_1_191' title='bbox 937 3833 1028 3900; x_wconf 87' lang='lat' dir='ltr'><strong>edere</strong></span> <span class='ocrx_word' id='word_1_192' title='bbox 1057 3830 1168 3896; x_wconf 84' lang='lat' dir='ltr'><strong>Cicero</strong></span> 
     </span>
    </p>
   </div>
   <div class='ocr_carea' id='block_1_4' title="bbox 251 4101 804 4190">
    <p class='ocr_par' dir='ltr' id='par_1_6' title="bbox 251 4101 804 4190">
     <span class='ocr_line' id='line_1_28' title="bbox 251 4101 804 4190; baseline 0.016 -39"><span class='ocrx_word' id='word_1_193' title='bbox 251 4101 260 4134; x_wconf 91' lang='lat'>¹</span> <span class='ocrx_word' id='word_1_194' title='bbox 302 4101 343 4152; x_wconf 83' lang='lat' dir='ltr'><strong>cf.</strong></span> <span class='ocrx_word' id='word_1_195' title='bbox 381 4104 456 4190; x_wconf 72' lang='lat' dir='ltr'><strong>Dect.</strong></span> <span class='ocrx_word' id='word_1_196' title='bbox 474 4105 564 4158; x_wconf 85' lang='lat' dir='ltr'><strong>Ekker</strong></span> <span class='ocrx_word' id='word_1_197' title='bbox 583 4109 603 4157; x_wconf 87' lang='lat' dir='ltr'><strong>l.</strong></span> <span class='ocrx_word' id='word_1_198' title='bbox 624 4108 645 4160; x_wconf 88' lang='lat' dir='ltr'><strong>l.</strong></span> <span class='ocrx_word' id='word_1_199' title='bbox 666 4127 726 4174; x_wconf 82' lang='lat' dir='ltr'><strong>pag.</strong></span> <span class='ocrx_word' id='word_1_200' title='bbox 746 4109 804 4164; x_wconf 69' lang='lat'><strong>975.</strong></span> 
     </span>
    </p>
   </div>
   <div class='ocr_carea' id='block_1_5' title="bbox 0 0 1492 5144">
    <p class='ocr_par' dir='ltr' id='par_1_7' title="bbox 0 0 1492 5144">
     <span class='ocr_line' id='line_1_29' title="bbox 0 0 1492 5144; baseline 0 0"><span class='ocrx_word' id='word_1_201' title='bbox 0 0 1492 5144; x_wconf 95' lang='lat' dir='ltr'><strong> </strong></span> 
     </span>
    </p>
   </div>
  </div>
 </body>
</html>
