2970 5144
660 569 699 630 li

114 727 118 735 ⁵
210 744 346 836 coojpgii
359 767 440 810 auno
459 757 541 812 ortas
553 749 562 786 ¹
572 795 582 826 ,
592 769 667 836 quas
677 745 785 814 sedare
797 747 916 814 assidua
929 760 995 814 tum
1009 749 1053 817 Μ.
1068 749 1159 816 Cice*

203 865 287 931 rouis
299 877 365 930 tum
377 864 545 954 Pomponii
556 887 629 931 cura
643 867 811 955 intempus
822 879 943 934 tautum
955 869 1060 958 potnit
1072 917 1082 948 ,
1096 891 1159 958 quo

203 986 357 1058 offensiori
368 987 472 1052 animo
484 997 590 1078 postea
602 1000 825 1058 renovarentur
839 994 867 1056 ².
893 991 1039 1080 Magnam
1052 1003 1156 1056 tamen

202 1110 418 1177 stabiliverunt
442 1109 514 1176 illae
532 1109 662 1200 nuptiae
682 1109 836 1194 Quintum
856 1112 938 1178 inter
962 1125 993 1180 et
1016 1113 1157 1184 Atticum

204 1233 486 1314 consuetudinem,
511 1256 571 1323 qua
594 1233 735 1312 laetum,
761 1245 795 1300 nt
814 1233 867 1299 ille
887 1232 972 1300 hisce
1006 1234 1157 1325 tempori-

203 1359 261 1436 hus
280 1358 372 1426 Asiae
394 1361 522 1424 Praetor
551 1356 727 1446 designatus
758 1355 843 1423 huno
873 1354 1066 1444 postularet,
1102 1354 1158 1445 qui

203 1502 310 1546 secum
329 1480 424 1569 legati
443 1479 555 1544 loeoin
567 1477 762 1570 provinciam
779 1477 1041 1566 proficisceretur.
1068 1477 1158 1548 Idem
1223 1534 1228 1542 .

206 1621 394 1688 magnopere
433 1597 581 1688 cupiebat
620 1599 765 1678 Marcus,
798 1621 892 1691 quem
925 1597 1010 1666 baud
1043 1599 1160 1670 latebat

205 1718 354 1785 iracunda
377 1718 481 1784 fratris
502 1717 643 1798 indoles,
669 1741 749 1802 qnae
772 1719 915 1788 exsistere
936 1720 967 1784 ei
986 1741 1076 1788 cansa
1110 1743 1159 1786 so-

202 1838 311 1918 lebat,
335 1850 370 1904 ut
393 1839 461 1929 ipse
483 1838 571 1903 adse
591 1837 762 1928 regendum
783 1839 864 1904 duoe
894 1861 930 1902 oo
967 1840 1161 1911 moderatore

211 1958 352 2046 indigere
363 1958 532 2034 rideretur.
561 1958 677 2034 Verum
691 1959 836 2040 Atticus,
863 1960 909 2027 nti
921 1984 936 2024 o
949 1961 1085 2051 publicis
1097 1962 1161 2038 ho,-

204 2079 556 2160 noribusabhorrobat,
582 2079 817 2170 multorumque
831 2077 1001 2148 Consulum
1013 2094 1045 2149 et
1067 2083 1161 2150 Prae-

208 2214 311 2268 torum
331 2201 543 2292 praefecturas
562 2201 621 2268 sibi
641 2201 757 2268 delatas
774 2203 1092 2292 acciperenolnerat,
1118 2207 1161 2274 ita

200 2321 291 2398 illum
302 2344 428 2414 quoque
440 2323 653 2412 magistratum
668 2374 677 2405 ,
690 2325 788 2390 inrito
800 2328 906 2394 Marco
920 2378 929 2408 ‚
954 2330 1033 2396 irato
1054 2329 1159 2414 Quin.-

199 2461 257 2526 to‚
284 2457 462 2510 constanter
480 2446 656 2538 abnegarit.
689 2448 802 2535 Parnm
824 2450 854 2516 ei
882 2453 1019 2520 muueris
1041 2453 1158 2520 arride-

197 2565 256 2666 bat
279 2563 446 2654 splendor,
472 2565 556 2654 quod
577 2565 642 2655 geri
678 2566 744 2631 sine
776 2569 952 2660 suspicione
985 2572 1157 2640 eriminum
1232 2642 1234 2646 ,

195 2707 264 2764 non
287 2697 410 2776 posset;
438 2707 540 2777 nequo
574 2708 646 2752 suae
668 2687 828 2753 consulere
859 2689 1006 2778 dignitati
1029 2692 1157 2765 videba-

233 3050 243 3095 i
293 3051 393 3100 adArt.
411 3051 472 3104 Lib.
491 3051 515 3102 l.
533 3053 583 3118 Ep.
601 3051 627 3114 b.
646 3054 659 3122 §7
679 3055 706 3106 Σ).

234 3145 248 3180 ²
293 3151 403 3217 Saepius
415 3149 509 3222 bajus
531 3151 685 3204 discordiae
708 3155 811 3205 montio
831 3158 871 3206 srt.
889 3151 952 3204 Vid.
973 3175 997 3205 s.
1015 3172 1041 3218 g.
1060 3155 1092 3205 ad
1106 3155 1160 3208 Art.

198 3253 262 3304 bib.
284 3249 315 3300 V.
333 3251 382 3316 Ep.
402 3255 427 3303 l.
446 3251 459 3320 g
477 3253 517 3313 3,
547 3251 575 3318 d.
592 3251 710 3304 Videtur
729 3262 821 3304 nutem
839 3258 931 3321 Quinti
951 3275 982 3306 oo
999 3256 1161 3321 Pomponiae

195 3349 342 3417 ingenium
362 3349 418 3401 talo
436 3349 542 3415 luisse,
566 3359 598 3401 ut
623 3353 767 3403 conciliari
796 3354 849 3404 sibi
874 3355 917 3404 rix
942 3362 1059 3421 possent.
1108 3355 1160 3406 lllo

195 3451 324 3510 currenti
342 3456 402 3500 erut
423 3452 537 3515 animo,
556 3451 626 3500 mire
650 3451 769 3503 volatico
794 3453 876 3522 atque
904 3457 1096 3520 inconstanti,
1114 3461 1159 3506 io-

196 3556 289 3620 drquc
310 3551 346 3601 ad
367 3553 439 3602 iram
459 3553 688 3620 promptissimo,
704 3552 770 3606 hooc
788 3563 969 3622 sumptuosa,
992 3557 1157 3622 imperiosa,

196 3652 442 3720 verbisvultuqno
471 3671 576 3720 aspera.
612 3655 717 3719 Filius,
738 3675 768 3706 ex
796 3674 827 3705 oo
855 3656 1033 3706 matrimonio
1053 3664 1155 3715 natus,

196 3756 315 3820 insignis
350 3755 471 3814 vanitate
500 3763 527 3805 ot
553 3755 739 3808 stomachosus
754 3756 887 3827 juvenis,
910 3763 1056 3821 parentum
1085 3757 1157 3808 rixas

198 3875 309 3925 saeptos
324 3858 347 3908 si
357 3859 563 3928 uon-excitare,
582 3859 656 3914 alere
667 3865 740 3911 certe
749 3854 995 3912 solebat.'l'andem
1003 3855 1156 3910 divortium
1184 3831 1185 3838 .

199 3957 307 4008 luctum
317 3988 329 4021 ,
347 3956 548 4026 tib.x1V.Ep.
566 3963 608 4014 17.
626 3959 639 4028 §
660 3957 686 4012 3.
704 3957 753 4011 cff.
764 3954 922 4022 Corradus,
941 3959 1040 4023 (Insere.
1058 3976 1086 4026 p.
1105 3958 1157 4011 280

198 4075 281 4126 sqq.;
300 4057 478 4123 Wielandus,
508 4062 584 4114 Tum.
603 4059 625 4114 1.
644 4080 672 4127 p.
693 4061 762 4130 2335
786 4057 895 4112 Abelten
914 4077 944 4126 p.
961 4059 1022 4112 220.
