3042 5146
692 652 732 712 Μ

236 833 428 926 quibusdam,
447 829 716 917 tyrannicidarum
739 831 847 896 amicis
877 834 1084 922 excogitatum
1108 839 1191 918 fuit,

235 971 270 1048 at
294 954 452 1046 principes
476 953 595 1043 quique
619 953 779 1042 Equestris
799 953 916 1018 ordinis
939 955 1087 1043 pecunias
1111 933 1199 1042 epu·-¹

233 1079 375 1154 ferrent,
412 1074 527 1163 quibus
558 1072 714 1162 privatum
757 1073 998 1138 constitueretur
1033 1077 1193 1168 aerarium

235 1193 373 1262 Gesseris
417 1193 682 1262 interfectoribus.
752 1191 821 1277 Quo
852 1195 981 1262 oonsilio
1008 1195 1118 1277 inito,
1152 1199 1189 1269 C.

232 1315 377 1394 Flavius,
403 1314 494 1380 Bruti
518 1305 705 1393 familiaris,
741 1315 882 1382 arricum
917 1317 995 1384 adiit
1022 1334 1053 1385 et
1076 1291 1189 1386 erbor-

228 1450 313 1503 tatus
331 1448 393 1514 est,
419 1449 454 1501 nt
475 1438 541 1524 ejus
561 1436 606 1502 rei
618 1436 765 1524 princeps
781 1457 844 1502 esse
862 1437 965 1507 veliet.
992 1439 1075 1520 Sed,
1095 1445 1183 1532 quod

229 1557 405 1648 permirum
428 1558 466 1639 iis
488 1557 624 1652 accidit,
661 1556 785 1622 Atticus
813 1579 871 1623 nec
901 1580 1016 1624 munus
1043 1559 1122 1624 iilud
1154 1562 1184 1625 in

228 1700 262 1744 se
283 1678 424 1766 recipere
447 1677 544 1743 voluit
579 1699 638 1742 neo
668 1677 707 1742 da
738 1701 794 1744 suo
824 1677 1002 1768 quidquam
1029 1681 1184 1748 conferre.

175 1793 184 1806 ”
227 1797 356 1868 Sciebat
377 1799 462 1862 enim
481 1798 507 1862 is
529 1798 674 1864 lubenter
696 1798 826 1886 quidem
838 1801 966 1878 amicis,
987 1823 1061 1866 cum
1072 1806 1185 1882 ceteris

225 1934 297 2010 tom
317 1922 439 1986 afflictis
462 1921 615 2017 manime,
628 1920 730 1986 officia
742 1931 898 2010 praestare
911 1920 1007 2009 idque
1020 1943 1189 2013 nunquam

226 2065 289 2116 aon
311 2044 524 2109 liberalissima
542 2043 664 2108 tutione
683 2040 874 2130 peragebat,
897 2040 952 2106 sad
974 2042 1013 2106 ab
1025 2043 1179 2130 ejusmodi

225 2133 383 2244 consiliis,
416 2185 501 2252 qnae,
528 2164 666 2250 partium
691 2161 795 2227 studio
828 2163 1033 2235 ferebantet
1064 2136 1189 2236 alendis,

224 2285 412 2350 factionibus
426 2283 634 2348 inserviebant
645 2294 733 2360 ,toto
746 2282 851 2348 auimo
872 2281 1075 2351 abhorrebat.
1099 2286 1180 2368 Quid

222 2406 347 2493 igitur?
374 2401 547 2490 Respondit
558 2401 665 2466 Flavio
679 2450 687 2478 ,
700 2402 724 2464 si
738 2402 814 2490 quid
826 2401 942 2468 Brutus
953 2403 992 2470 de
1009 2405 1184 2472 suisiaaul·

220 2497 405 2615 tatibuauti
426 2524 569 2589 voluisset
580 2571 591 2602 ‚
617 2545 746 2590 usurum
758 2575 775 2604 ,,
793 2539 946 2614 quactum
966 2547 1024 2604 eae
1033 2541 1182 2620 patareo-t

218 2661 292 2732 tur:
319 2648 372 2714 sed
385 2667 488 2742 oeque
509 2669 581 2711 cum
600 2669 760 2735 qucquam
779 2647 866 2711 daea
882 2621 1176 2728 ra'cottocururum,

217 2793 323 2860 neque
343 2773 511 2839 coiturum.
559 2770 650 2838 Licet
672 2789 745 2835 sero
768 2783 876 2835 auctor
911 2770 954 2834 ita
984 2770 1107 2836 Atticus
1127 2747 1184 2863 ἱππ-Σ

216 2892 296 2962 titus
325 2895 494 2972 exstiterit,
529 2905 589 2972 ut,
618 2893 728 2960 ceteris
759 2893 937 2970 consiiium
954 2894 1032 2960 iliud
1064 2898 1176 2962 aerarii

217 3012 427 3078 constituendi
470 2987 667 3080 mittentibus
679 3061 695 3093 ,.
732 3037 844 3106 magno
883 3016 1000 3084 Burtus
1036 3021 1183 3110 mbsidioy

215 3135 412 3223 privaretur,
438 3135 644 3200 nihilominus
666 3135 767 3201 amico
788 3135 893 3200 deesse
912 3139 1026 3205 noluit.
1073 3139 1174 3232 Nam,

217 3257 301 3347 quod
320 3259 445 3322 florenti
469 3258 517 3322 illi
540 3257 623 3348 parti
648 3270 833 3344 negaverat,
860 3257 891 3321 id
922 3259 1046 3343 abjecto
1076 3247 1177 3326 Bruta

213 3379 368 3468 Italidque
406 3378 532 3445 cedenti
571 3378 614 3443 sio
656 3376 835 3466 praestitit,
867 3390 902 3441 ut
934 3378 1022 3444 LLS.
1046 3393 1176 3462 eentum¹

212 3500 311 3568 millia
333 3501 576 3590 eipermataem
597 3498 768 3593 Serviliam*
784 3498 909 3564 muneri
924 3499 1055 3567 miserit.
1082 3502 1175 3594 Quod

217 3623 346 3710 quidem
382 3623 499 3686 donum
533 3633 640 3710 postea
672 3641 743 3684 eum
778 3621 809 3683 in
849 3619 977 3684 modum
1012 3595 1176 3687 renovarit

215 3757 245 3834 et
279 3745 385 3821 ausit,
420 3756 453 3808 ut
484 3745 517 3806 in
551 3741 650 3829 Epiro
679 3740 788 3805 absens
819 3751 956 3804 trecenta
990 3741 1019 3804 ei
1046 3715 1174 3845 jusseriti

217 3869 283 3954 duri
301 3872 327 3936 ¹.
376 3867 519 3958 Denique
538 3866 684 3944 inludis,
711 3889 787 3954 quos
808 3867 941 3929 rrmrimo
960 3873 1026 3928 turn
1046 3883 1172 3954 sumptu
1231 3861 1235 3878 '

252 4143 262 4202 ‘f
299 4143 388 4212 Nepos·
408 4161 432 4196 c.
454 4139 540 4193 tht.
561 4151 571 4202 b
591 4145 615 4195 5.
636 4145 674 4195 Gi·
694 4148 749 4196 (lic.
768 4147 824 4196 bib
846 4147 895 4198 XV.
918 4151 963 4213 up.
983 4153 1024 4202 17.
1045 4149 1057 4214 b
1077 4152 1101 4199 ἱ).

565 4145 571 4154 ι

559 4200 565 4210 ι
