2970 5144
653 609 694 668 25

190 786 287 852 solute
307 797 492 862 contentus,
510 795 545 848 ut
572 782 703 848 aliorum
725 783 898 848 infortunio
920 795 1069 872 tanquam
1090 807 1145 848 suo

189 917 367 971 moreretur
395 907 517 995 iisque,
541 918 576 970 ut
606 904 733 996 aliunde
754 923 880 995 quoque
912 915 1054 984 constat,
1073 921 1149 970 suc-

191 1046 315 1091 currere
340 1047 500 1114 nunquam
519 1025 702 1114 negligeret.
730 1065 733 1072 ·

235 1150 428 1238 Pomponius
441 1199 449 1230 ,
464 1149 557 1212 domo
570 1170 668 1237 prope
683 1144 801 1212 [lissum
814 1147 991 1212 tluriumin
1003 1169 1076 1234 agro
1092 1150 1150 1212 At-

191 1268 253 1334 tico
287 1268 348 1332 sibi
382 1268 560 1355 comparati
587 1269 624 1345 ¹·,
662 1287 701 1330 ne
736 1259 813 1354 quid
843 1264 897 1330 illa
939 1265 1150 1353 peregrinatio

192 1387 374 1453 detrimenti
415 1389 538 1452 all'erret
574 1388 621 1453 rei
659 1384 831 1464 familiari,
869 1385 980 1451 eodem
1012 1407 1154 1474 magnam

193 1521 314 1596 partem
350 1509 546 1574 fortunarum
590 1507 713 1596 trajecit
746 1526 870 1571 suarum
890 1512 919 1573 ².
978 1504 1153 1596 Republici

195 1629 280 1692 enirn
312 1629 388 1693 adeo
423 1630 585 1715 quassati,
618 1629 731 1692 timere
760 1628 864 1692 omnia
889 1640 1033 1716 poterat,
1058 1627 1152 1717 idque

195 1761 304 1836 postea
343 1761 470 1813 erectus
500 1748 675 1837 probarit„
710 1747 812 1826 Nam,
844 1770 942 1836 quum
974 1750 1007 1812 in
1039 1749 1154 1814 multos

195 1869 331 1933 insontes
374 1869 568 1945 saeviretur,
625 1883 645 1930 <r
659 1867 839 1955 adjectum,
880 1880 915 1930 ut
956 1867 1057 1931 bona
1082 1892 1156 1958 pro-

194 1989 383 2078 scriptorum
416 1989 575 2067 venirent,
607 1990 786 2078 exclusique
815 1990 954 2078 paternis
982 1990 1093 2080 opibus
1117 1991 1157 2054 li-

193 2109 282 2188 beri,
313 2110 408 2176 etiam
429 2109 638 2198 petendorum
664 2108 820 2174 honorum
837 2113 912 2198 jare
941 2109 1151 2200 prohiberen-

194 2240 318 2303 rur»³.
341 2236 452 2323 Neque
473 2234 655 2325 praevidere
682 2236 794 2301 urbem
829 2237 1008 2327 relinquens
1029 2238 1153 2305 Atticus

194 2367 361 2442 potuerat,
385 2355 469 2444 quod
490 2379 560 2420 mor
582 2357 785 2438 factumest,
809 2381 841 2422 se
861 2358 894 2422 in
911 2372 1029 2425 tantam
1050 2358 1155 2426 Sullae

197 2475 324 2539 uictoris
346 2475 592 2543 familiaritatem
612 2489 857 2566 perventurum,
881 2491 915 2542 ut
932 2479 997 2567 ipse
1017 2481 1056 2544 ab
1067 2481 1155 2545 omni

199 2595 279 2660 loret
300 2573 566 2687 proscriptionum
586 2597 728 2687 periculo
741 2617 879 2666 securus.
903 2597 1058 2663 Virenim
1078 2621 1156 2687 qua·

195 2729 267 2782 tuor
288 2739 382 2784 annos
402 2719 534 2785 Athenis
561 2719 710 2806 degerat,
727 2719 816 2806 ‘quin
839 2717 925 2784 Sulla
946 2740 1019 2782 cum
1040 2720 1156 2784 victore

196 2839 335 2903 exercitu
359 2861 394 2903 er
425 2839 496 2904 Asia
520 2838 673 2904 decedens
701 2836 811 2901 eodem
836 2838 1004 2926 appulerit.
1029 2840 1077 2917 Is,
1100 2861 1158 2904 or-

195 2960 332 3047 pugnatd
363 2960 465 3038 urbe,
496 2965 558 3050 qua
593 2963 658 3051 ipse
689 2975 755 3028 erat
786 2962 948 3028 literarum
983 2961 1160 3051 cognitione

195 3079 336 3143 imbutus
364 3091 395 3143 et
422 3099 493 3168 ergo
517 3082 656 3148 literatos
687 3083 860 3173 doctosque
888 3082 1031 3148 homines
1062 3083 1160 3148 bene·

197 3201 355 3280 volentid,
377 3202 520 3268 celeriter
546 3203 577 3267 in
597 3204 739 3269 Atticum
759 3204 892 3283 incidit,
917 3217 1067 3292 tantoque
1086 3226 1158 3268 eom

217 3351 244 3385 '¹
283 3354 419 3432 Probatur
432 3353 555 3404 loccCic.
568 3355 597 3406 do
608 3356 685 3420 Legg.
700 3357 760 3407 Lib.
771 3356 794 3408 Ι.
812 3375 837 3407 c.
849 3359 873 3405 l.
892 3357 905 3424 5’
919 3357 933 3406 3
944 3391 955 3420 ‚
976 3357 1025 3406 ubi
1038 3358 1159 3406 Atticum

199 3459 294 3519 rogat,
327 3471 359 3502 an
392 3471 491 3504 verum
527 3455 581 3519 sit,
612 3473 665 3508 non
698 3457 777 3524 longe
799 3459 833 3510 ob
856 3457 917 3528 ojus
946 3461 1058 3525 antiqua
1079 3459 1160 3509 domo

196 3554 355 3620 Orithyiam
378 3555 414 3605 ab
427 3555 563 3622 Aquilone
582 3556 665 3609 fnisse
677 3559 825 3613 sublatam.
854 3563 906 3612 Hoc
927 3570 1019 3635 autem
1039 3564 1092 3614 ἀπὸ
1109 3566 1161 3614 τοῦ

197 3652 317 3706 Ἰλισσοῦ
341 3655 445 3706 factum
465 3659 657 3724 crediderunt,
678 3667 710 3710 ut
735 3679 748 3710 c
771 3661 882 3714 Platone
902 3669 1027 3730 apparet,
1051 3659 1152 3711 I’lroedr

196 3772 225 3818 p.
242 3755 304 3808 aro.
322 3757 352 3808 o.
972 3733 974 3738 ’
1153 3729 1162 3747 “

239 3846 250 3878 ²
296 3853 381 3920 Nepos
402 3876 426 3908 c·
446 3859 485 3910 ll.
504 3859 517 3926 5
537 3861 561 3909 3.

236 3943 246 3976 ³
287 3951 355 4003 velt.
374 3957 431 4010 l'nt.
451 3959 518 4010 Hirr.
537 3953 782 4012 Ilom.1.ib,ll.c.
803 3963 844 4012 28.
864 3961 877 4028 §
897 3959 930 4031 43
949 3959 1089 4012 Plutarch.
1117 3962 1161 4012 nit.

196 4048 264 4101 «tull.
285 4067 311 4099 c.
330 4051 415 4103 XXXI.
