<?xml version="1.0" encoding="UTF-8"?>
<!DOCTYPE html PUBLIC "-//W3C//DTD XHTML 1.0 Transitional//EN"
    "http://www.w3.org/TR/xhtml1/DTD/xhtml1-transitional.dtd">
<html xmlns="http://www.w3.org/1999/xhtml" xml:lang="en" lang="en">
 <head>
  <title>
</title>
<meta http-equiv="Content-Type" content="text/html;charset=utf-8" />
  <meta name='ocr-system' content='tesseract 3.04.00' />
  <meta name='ocr-capabilities' content='ocr_page ocr_carea ocr_par ocr_line ocrx_word'/>
</head>
<body>
  <div class='ocr_page' id='page_1' title='image "./diatribeintpomp00hullgoog_0044.png"; bbox 0 0 2976 5144; ppageno 0'>
   <div class='ocr_carea' id='block_1_1' title="bbox 684 557 726 636">
    <p class='ocr_par' dir='ltr' id='par_1_1' title="bbox 684 557 726 636">
     <span class='ocr_line' id='line_1_1' title="bbox 684 557 726 636; baseline 0 0"><span class='ocrx_word' id='word_1_1' title='bbox 684 557 726 636; x_wconf 80' lang='lat'>²³.</span> 
     </span>
    </p>
   </div>
   <div class='ocr_carea' id='block_1_2' title="bbox 135 731 1180 3462">
    <p class='ocr_par' dir='ltr' id='par_1_2' title="bbox 135 731 1180 3462">
     <span class='ocr_line' id='line_1_2' title="bbox 225 731 1178 820; baseline -0.001 -22"><span class='ocrx_word' id='word_1_2' title='bbox 225 745 309 798; x_wconf 77' lang='lat' dir='ltr'>verat</span> <span class='ocrx_word' id='word_1_3' title='bbox 322 781 332 814; x_wconf 88' lang='lat'><em>,</em></span> <span class='ocrx_word' id='word_1_4' title='bbox 366 732 420 798; x_wconf 92' lang='lat' dir='ltr'>hic</span> <span class='ocrx_word' id='word_1_5' title='bbox 448 745 551 798; x_wconf 88' lang='lat' dir='ltr'>autem</span> <span class='ocrx_word' id='word_1_6' title='bbox 580 735 692 798; x_wconf 87' lang='lat' dir='ltr'>urbem</span> <span class='ocrx_word' id='word_1_7' title='bbox 720 731 874 798; x_wconf 79' lang='lat' dir='ltr'><strong>hostiliter</strong></span> <span class='ocrx_word' id='word_1_8' title='bbox 905 731 1055 820; x_wconf 75' lang='lat' dir='ltr'>ingressus</span> <span class='ocrx_word' id='word_1_9' title='bbox 1083 732 1178 797; x_wconf 82' lang='lat' dir='ltr'>armis</span> 
     </span>
     <span class='ocr_line' id='line_1_3' title="bbox 225 850 1179 941; baseline -0.002 -23"><span class='ocrx_word' id='word_1_10' title='bbox 225 863 373 940; x_wconf 81' lang='lat' dir='ltr'>ceperat,</span> <span class='ocrx_word' id='word_1_11' title='bbox 402 850 498 918; x_wconf 88' lang='lat' dir='ltr'>hostis</span> <span class='ocrx_word' id='word_1_12' title='bbox 529 853 722 941; x_wconf 86' lang='lat' dir='ltr'>reipublicae</span> <span class='ocrx_word' id='word_1_13' title='bbox 754 853 913 940; x_wconf 86' lang='lat' dir='ltr'>judicatus</span> <span class='ocrx_word' id='word_1_14' title='bbox 941 864 986 916; x_wconf 90' lang='lat' dir='ltr'>cst</span> <span class='ocrx_word' id='word_1_15' title='bbox 1021 863 1052 916; x_wconf 90' lang='lat' dir='ltr'>et</span> <span class='ocrx_word' id='word_1_16' title='bbox 1078 863 1179 917; x_wconf 86' lang='lat' dir='ltr'>morte</span> 
     </span>
     <span class='ocr_line' id='line_1_4' title="bbox 135 971 1180 1062; baseline 0.001 -27"><span class='ocrx_word' id='word_1_17' title='bbox 135 1049 145 1056; x_wconf 21' lang='grc' dir='ltr'><strong><em>ἱ</em></strong></span> <span class='ocrx_word' id='word_1_18' title='bbox 222 994 276 1038; x_wconf 84' lang='lat' dir='ltr'>sua</span> <span class='ocrx_word' id='word_1_19' title='bbox 290 1020 299 1050; x_wconf 90' lang='lat'>‚</span> <span class='ocrx_word' id='word_1_20' title='bbox 326 994 389 1036; x_wconf 90' lang='lat' dir='ltr'>non</span> <span class='ocrx_word' id='word_1_21' title='bbox 410 972 476 1037; x_wconf 90' lang='lat' dir='ltr'>sine</span> <span class='ocrx_word' id='word_1_22' title='bbox 495 995 607 1061; x_wconf 77' lang='lat' dir='ltr'>magno</span> <span class='ocrx_word' id='word_1_23' title='bbox 640 972 833 1062; x_wconf 87' lang='lat' dir='ltr'>reipublicae</span> <span class='ocrx_word' id='word_1_24' title='bbox 865 971 948 1038; x_wconf 89' lang='lat' dir='ltr'>malo</span> <span class='ocrx_word' id='word_1_25' title='bbox 962 1021 971 1052; x_wconf 95' lang='lat'>,</span> <span class='ocrx_word' id='word_1_26' title='bbox 996 971 1180 1037; x_wconf 87' lang='lat' dir='ltr'>temeritatis</span> 
     </span>
     <span class='ocr_line' id='line_1_5' title="bbox 221 1090 1177 1181; baseline -0.004 -23"><span class='ocrx_word' id='word_1_27' title='bbox 221 1114 356 1181; x_wconf 87' lang='lat' dir='ltr'>poenam</span> <span class='ocrx_word' id='word_1_28' title='bbox 377 1092 506 1160; x_wconf 82' lang='lat' dir='ltr'>solvit¹.</span> <span class='ocrx_word' id='word_1_29' title='bbox 535 1092 617 1158; x_wconf 84' lang='lat' dir='ltr'>ilinc</span> <span class='ocrx_word' id='word_1_30' title='bbox 639 1115 787 1180; x_wconf 71' lang='lat' dir='ltr'>magnum</span> <span class='ocrx_word' id='word_1_31' title='bbox 806 1104 916 1158; x_wconf 85' lang='lat' dir='ltr'>natum</span> <span class='ocrx_word' id='word_1_32' title='bbox 939 1090 1045 1178; x_wconf 68' lang='lat' dir='ltr'>Attico</span> <span class='ocrx_word' id='word_1_33' title='bbox 1066 1090 1177 1156; x_wconf 88' lang='lat' dir='ltr'>discri-</span> 
     </span>
     <span class='ocr_line' id='line_1_6' title="bbox 221 1210 1178 1301; baseline -0.002 -23"><span class='ocrx_word' id='word_1_34' title='bbox 221 1236 306 1280; x_wconf 88' lang='lat' dir='ltr'>men.</span> <span class='ocrx_word' id='word_1_35' title='bbox 332 1212 496 1301; x_wconf 86' lang='lat' dir='ltr'>Sulpicio,</span> <span class='ocrx_word' id='word_1_36' title='bbox 519 1215 606 1301; x_wconf 88' lang='lat' dir='ltr'>cujus</span> <span class='ocrx_word' id='word_1_37' title='bbox 627 1212 722 1278; x_wconf 89' lang='lat' dir='ltr'>frater</span> <span class='ocrx_word' id='word_1_38' title='bbox 745 1210 870 1278; x_wconf 77' lang='lat' dir='ltr'>Servius</span> <span class='ocrx_word' id='word_1_39' title='bbox 904 1211 1178 1296; x_wconf 73' lang='lat' dir='ltr'>Aniciam,l&#39;0m-</span> 
     </span>
     <span class='ocr_line' id='line_1_7' title="bbox 219 1313 1179 1420; baseline -0.005 -21"><span class='ocrx_word' id='word_1_40' title='bbox 219 1333 310 1420; x_wconf 79' lang='lat' dir='ltr'>ponii</span> <span class='ocrx_word' id='word_1_41' title='bbox 328 1333 569 1414; x_wconf 68' lang='lat' dir='ltr'>consobrinam,</span> <span class='ocrx_word' id='word_1_42' title='bbox 591 1354 718 1398; x_wconf 77' lang='lat' dir='ltr'>uxorem</span> <span class='ocrx_word' id='word_1_43' title='bbox 750 1332 878 1398; x_wconf 82' lang='lat' dir='ltr'>duxerat</span> <span class='ocrx_word' id='word_1_44' title='bbox 892 1313 908 1412; x_wconf 32' lang='lat'>,⁵</span> <span class='ocrx_word' id='word_1_45' title='bbox 933 1354 997 1396; x_wconf 93' lang='lat' dir='ltr'>non</span> <span class='ocrx_word' id='word_1_46' title='bbox 1016 1331 1179 1397; x_wconf 63' lang='lat' dir='ltr'>«affinitate</span> 
     </span>
     <span class='ocr_line' id='line_1_8' title="bbox 222 1450 1178 1539; baseline -0.004 -21"><span class='ocrx_word' id='word_1_47' title='bbox 222 1465 369 1532; x_wconf 83' lang='lat' dir='ltr'>tanturn,</span> <span class='ocrx_word' id='word_1_48' title='bbox 389 1452 442 1517; x_wconf 88' lang='lat' dir='ltr'>sed</span> <span class='ocrx_word' id='word_1_49' title='bbox 460 1450 622 1517; x_wconf 84' lang='lat' dir='ltr'>amicitia²</span> <span class='ocrx_word' id='word_1_50' title='bbox 644 1451 687 1516; x_wconf 90' lang='lat' dir='ltr'>ita</span> <span class='ocrx_word' id='word_1_51' title='bbox 707 1464 772 1517; x_wconf 88' lang='lat' dir='ltr'>erat</span> <span class='ocrx_word' id='word_1_52' title='bbox 788 1453 939 1539; x_wconf 89' lang='lat' dir='ltr'>junctus,</span> <span class='ocrx_word' id='word_1_53' title='bbox 961 1463 996 1516; x_wconf 94' lang='lat' dir='ltr'>ut</span> <span class='ocrx_word' id='word_1_54' title='bbox 1029 1453 1094 1538; x_wconf 86' lang='lat' dir='ltr'>ejus</span> <span class='ocrx_word' id='word_1_55' title='bbox 1121 1472 1178 1539; x_wconf 89' lang='lat' dir='ltr'>pe-</span> 
     </span>
     <span class='ocr_line' id='line_1_9' title="bbox 221 1569 1177 1660; baseline -0.007 -22"><span class='ocrx_word' id='word_1_56' title='bbox 221 1573 315 1638; x_wconf 89' lang='lat' dir='ltr'>riculi</span> <span class='ocrx_word' id='word_1_57' title='bbox 334 1595 396 1637; x_wconf 90' lang='lat' dir='ltr'>non</span> <span class='ocrx_word' id='word_1_58' title='bbox 419 1595 526 1660; x_wconf 82' lang='lat' dir='ltr'>expers</span> <span class='ocrx_word' id='word_1_59' title='bbox 549 1594 612 1637; x_wconf 89' lang='lat' dir='ltr'>esse</span> <span class='ocrx_word' id='word_1_60' title='bbox 630 1571 788 1637; x_wconf 84' lang='lat' dir='ltr'>rideretur</span> <span class='ocrx_word' id='word_1_61' title='bbox 808 1577 837 1639; x_wconf 83' lang='lat'>³.</span> <span class='ocrx_word' id='word_1_62' title='bbox 862 1571 953 1636; x_wconf 87' lang='lat' dir='ltr'>Pater</span> <span class='ocrx_word' id='word_1_63' title='bbox 981 1569 1081 1636; x_wconf 78' lang='lat' dir='ltr'>Attici</span> <span class='ocrx_word' id='word_1_64' title='bbox 1111 1590 1177 1632; x_wconf 89' lang='lat' dir='ltr'>ma-</span> 
     </span>
     <span class='ocr_line' id='line_1_10' title="bbox 223 1689 1176 1786; baseline -0.001 -31"><span class='ocrx_word' id='word_1_65' title='bbox 223 1703 291 1755; x_wconf 84' lang='lat' dir='ltr'>ture</span> <span class='ocrx_word' id='word_1_66' title='bbox 310 1690 502 1786; x_wconf 76' lang='lat' dir='ltr'>decesserat,</span> <span class='ocrx_word' id='word_1_67' title='bbox 522 1704 556 1756; x_wconf 83' lang='lat' dir='ltr'>ut</span> <span class='ocrx_word' id='word_1_68' title='bbox 569 1693 691 1778; x_wconf 82' lang='lat' dir='ltr'>juvenis</span> <span class='ocrx_word' id='word_1_69' title='bbox 713 1693 746 1754; x_wconf 93' lang='lat' dir='ltr'>in</span> <span class='ocrx_word' id='word_1_70' title='bbox 766 1691 877 1756; x_wconf 89' lang='lat' dir='ltr'>mediis</span> <span class='ocrx_word' id='word_1_71' title='bbox 890 1691 1049 1756; x_wconf 85' lang='lat' dir='ltr'>civilibus.</span> <span class='ocrx_word' id='word_1_72' title='bbox 1063 1689 1176 1768; x_wconf 89' lang='lat' dir='ltr'>undis,</span> 
     </span>
     <span class='ocr_line' id='line_1_11' title="bbox 219 1807 1176 1900; baseline -0.005 -24"><span class='ocrx_word' id='word_1_73' title='bbox 219 1834 300 1900; x_wconf 89' lang='lat' dir='ltr'>quae</span> <span class='ocrx_word' id='word_1_74' title='bbox 324 1807 358 1874; x_wconf 88' lang='lat' dir='ltr'>in</span> <span class='ocrx_word' id='word_1_75' title='bbox 380 1811 446 1875; x_wconf 88' lang='lat' dir='ltr'>dies</span> <span class='ocrx_word' id='word_1_76' title='bbox 468 1810 564 1898; x_wconf 78' lang='lat' dir='ltr'>magis</span> <span class='ocrx_word' id='word_1_77' title='bbox 585 1823 764 1878; x_wconf 77' lang='lat' dir='ltr'>exaestuare</span> <span class='ocrx_word' id='word_1_78' title='bbox 788 1822 977 1897; x_wconf 82' lang='lat' dir='ltr'>coeperunt,</span> <span class='ocrx_word' id='word_1_79' title='bbox 994 1809 1033 1872; x_wconf 92' lang='lat' dir='ltr'>ab</span> <span class='ocrx_word' id='word_1_80' title='bbox 1057 1808 1176 1896; x_wconf 88' lang='lat' dir='ltr'>optimu</span> 
     </span>
     <span class='ocr_line' id='line_1_12' title="bbox 219 1927 1178 2008; baseline -0.008 -12"><span class='ocrx_word' id='word_1_81' title='bbox 219 1930 421 1996; x_wconf 89' lang='lat' dir='ltr'>consiliorum</span> <span class='ocrx_word' id='word_1_82' title='bbox 442 1943 569 1996; x_wconf 87' lang='lat' dir='ltr'>auctore</span> <span class='ocrx_word' id='word_1_83' title='bbox 594 1929 786 2008; x_wconf 88' lang='lat' dir='ltr'>destitutus,</span> <span class='ocrx_word' id='word_1_84' title='bbox 807 1930 876 1994; x_wconf 85' lang='lat' dir='ltr'>sere</span> <span class='ocrx_word' id='word_1_85' title='bbox 892 1927 972 1994; x_wconf 91' lang='lat' dir='ltr'>solus</span> <span class='ocrx_word' id='word_1_86' title='bbox 994 1939 1178 1996; x_wconf 83' lang='lat' dir='ltr'>versaretur.</span> 
     </span>
     <span class='ocr_line' id='line_1_13' title="bbox 194 2047 1178 2147; baseline -0.004 -31"><span class='ocrx_word' id='word_1_87' title='bbox 194 2050 284 2124; x_wconf 73' lang='lat' dir='ltr'>‚Alii</span> <span class='ocrx_word' id='word_1_88' title='bbox 316 2051 433 2118; x_wconf 85' lang='lat' dir='ltr'>civium</span> <span class='ocrx_word' id='word_1_89' title='bbox 465 2049 623 2147; x_wconf 79' lang='lat' dir='ltr'>Sullanis,</span> <span class='ocrx_word' id='word_1_90' title='bbox 656 2048 710 2118; x_wconf 91' lang='lat' dir='ltr'>alii</span> <span class='ocrx_word' id='word_1_91' title='bbox 745 2047 892 2116; x_wconf 78' lang='lat' dir='ltr'><strong>Cinnanis</strong></span> <span class='ocrx_word' id='word_1_92' title='bbox 923 2048 1064 2138; x_wconf 87' lang='lat' dir='ltr'>partibus</span> <span class='ocrx_word' id='word_1_93' title='bbox 1094 2047 1178 2112; x_wconf 87' lang='lat' dir='ltr'>fave·</span> 
     </span>
     <span class='ocr_line' id='line_1_14' title="bbox 218 2165 1176 2256; baseline -0.006 -20"><span class='ocrx_word' id='word_1_94' title='bbox 218 2173 327 2249; x_wconf 73' lang='lat' dir='ltr'>bunt;v</span> <span class='ocrx_word' id='word_1_95' title='bbox 350 2183 532 2236; x_wconf 90' lang='lat' dir='ltr'>neutrarum</span> <span class='ocrx_word' id='word_1_96' title='bbox 556 2190 619 2232; x_wconf 90' lang='lat' dir='ltr'>esse</span> <span class='ocrx_word' id='word_1_97' title='bbox 639 2167 758 2232; x_wconf 89' lang='lat' dir='ltr'>nemini</span> <span class='ocrx_word' id='word_1_98' title='bbox 789 2165 918 2236; x_wconf 80' lang='lat' dir='ltr'>licebat.</span> <span class='ocrx_word' id='word_1_99' title='bbox 967 2167 1050 2252; x_wconf 76' lang='lat' dir='ltr'>Quid</span> <span class='ocrx_word' id='word_1_100' title='bbox 1081 2167 1176 2256; x_wconf 77' lang='lat' dir='ltr'>igitur</span> 
     </span>
     <span class='ocr_line' id='line_1_15' title="bbox 220 2279 1178 2385; baseline -0.001 -30"><span class='ocrx_word' id='word_1_101' title='bbox 220 2290 367 2357; x_wconf 79' lang='lat' dir='ltr'>Atticus?</span> <span class='ocrx_word' id='word_1_102' title='bbox 395 2290 488 2385; x_wconf 78' lang='lat' dir='ltr'>Arma</span> <span class='ocrx_word' id='word_1_103' title='bbox 507 2300 641 2376; x_wconf 87' lang='lat' dir='ltr'>caperet</span> <span class='ocrx_word' id='word_1_104' title='bbox 664 2287 760 2376; x_wconf 90' lang='lat' dir='ltr'>inque</span> <span class='ocrx_word' id='word_1_105' title='bbox 781 2288 916 2356; x_wconf 88' lang='lat' dir='ltr'>mediam</span> <span class='ocrx_word' id='word_1_106' title='bbox 940 2311 1003 2354; x_wconf 87' lang='lat' dir='ltr'>sese</span> <span class='ocrx_word' id='word_1_107' title='bbox 1026 2279 1178 2354; x_wconf 82' lang='lat' dir='ltr'>immitte-</span> 
     </span>
     <span class='ocr_line' id='line_1_16' title="bbox 219 2408 1176 2498; baseline -0.001 -24"><span class='ocrx_word' id='word_1_108' title='bbox 219 2427 267 2478; x_wconf 85' lang='lat' dir='ltr'>ret</span> <span class='ocrx_word' id='word_1_109' title='bbox 300 2411 398 2477; x_wconf 86' lang='lat' dir='ltr'>civilis</span> <span class='ocrx_word' id='word_1_110' title='bbox 421 2411 594 2476; x_wconf 72' lang='lat' dir='ltr'>discordiae</span> <span class='ocrx_word' id='word_1_111' title='bbox 622 2410 779 2474; x_wconf 87' lang='lat' dir='ltr'>flammam</span> <span class='ocrx_word' id='word_1_112' title='bbox 793 2411 816 2471; x_wconf 53' lang='lat' dir='ltr'>l⁴</span> <span class='ocrx_word' id='word_1_113' title='bbox 857 2408 996 2498; x_wconf 77' lang='lat' dir='ltr'>mquid</span> <span class='ocrx_word' id='word_1_114' title='bbox 1029 2410 1176 2490; x_wconf 87' lang='lat' dir='ltr'>foedius,</span> 
     </span>
     <span class='ocr_line' id='line_1_17' title="bbox 218 2535 1175 2628; baseline 0.001 -29"><span class='ocrx_word' id='word_1_115' title='bbox 218 2535 296 2622; x_wconf 94' lang='lat' dir='ltr'>quid</span> <span class='ocrx_word' id='word_1_116' title='bbox 315 2537 398 2600; x_wconf 91' lang='lat' dir='ltr'><strong>bono</strong></span> <span class='ocrx_word' id='word_1_117' title='bbox 418 2537 485 2602; x_wconf 85' lang='lat' dir='ltr'>circ</span> <span class='ocrx_word' id='word_1_118' title='bbox 496 2535 677 2624; x_wconf 69' lang='lat' dir='ltr'>indignius,</span> <span class='ocrx_word' id='word_1_119' title='bbox 695 2557 789 2628; x_wconf 86' lang='lat' dir='ltr'>quarn</span> <span class='ocrx_word' id='word_1_120' title='bbox 802 2545 956 2599; x_wconf 85' lang='lat' dir='ltr'>armatum</span> <span class='ocrx_word' id='word_1_121' title='bbox 973 2535 1175 2624; x_wconf 86' lang='lat' dir='ltr'>patriamim-</span> 
     </span>
     <span class='ocr_line' id='line_1_18' title="bbox 215 2654 1178 2745; baseline 0.002 -26"><span class='ocrx_word' id='word_1_122' title='bbox 215 2676 376 2744; x_wconf 73' lang='lat' dir='ltr'>pugnare,</span> <span class='ocrx_word' id='word_1_123' title='bbox 392 2655 620 2722; x_wconf 81' lang='lat' dir='ltr'>commaculare</span> <span class='ocrx_word' id='word_1_124' title='bbox 640 2677 749 2720; x_wconf 89' lang='lat' dir='ltr'>manus</span> <span class='ocrx_word' id='word_1_125' title='bbox 779 2668 810 2719; x_wconf 86' lang='lat' dir='ltr'>et</span> <span class='ocrx_word' id='word_1_126' title='bbox 843 2654 995 2721; x_wconf 88' lang='lat' dir='ltr'>delectari</span> <span class='ocrx_word' id='word_1_127' title='bbox 1029 2657 1178 2745; x_wconf 75' lang='lat' dir='ltr'>sanguine</span> 
     </span>
     <span class='ocr_line' id='line_1_19' title="bbox 214 2772 1177 2864; baseline 0.005 -27"><span class='ocrx_word' id='word_1_128' title='bbox 214 2797 251 2838; x_wconf 92' lang='lat' dir='ltr'>ac</span> <span class='ocrx_word' id='word_1_129' title='bbox 279 2773 374 2840; x_wconf 87' lang='lat' dir='ltr'>caede</span> <span class='ocrx_word' id='word_1_130' title='bbox 403 2775 518 2842; x_wconf 83' lang='lat' dir='ltr'>cirili?</span> <span class='ocrx_word' id='word_1_131' title='bbox 555 2782 603 2841; x_wconf 77' lang='lat' dir='ltr'>An</span> <span class='ocrx_word' id='word_1_132' title='bbox 627 2797 700 2842; x_wconf 80' lang='lat' dir='ltr'>nero</span> <span class='ocrx_word' id='word_1_133' title='bbox 726 2775 840 2840; x_wconf 88' lang='lat' dir='ltr'>otiosus</span> <span class='ocrx_word' id='word_1_134' title='bbox 864 2774 938 2864; x_wconf 91' lang='lat' dir='ltr'>ipsis</span> <span class='ocrx_word' id='word_1_135' title='bbox 962 2772 1060 2841; x_wconf 86' lang='lat' dir='ltr'>aculis</span> <span class='ocrx_word' id='word_1_136' title='bbox 1091 2788 1177 2842; x_wconf 83' lang='lat' dir='ltr'>atro·</span> 
     </span>
     <span class='ocr_line' id='line_1_20' title="bbox 214 2894 1177 2984; baseline 0.002 -24"><span class='ocrx_word' id='word_1_137' title='bbox 214 2894 336 2960; x_wconf 90' lang='lat' dir='ltr'>cissima</span> <span class='ocrx_word' id='word_1_138' title='bbox 364 2895 502 2960; x_wconf 86' lang='lat' dir='ltr'>facinora</span> <span class='ocrx_word' id='word_1_139' title='bbox 525 2895 728 2960; x_wconf 77' lang='lat' dir='ltr'>intueretur?</span> <span class='ocrx_word' id='word_1_140' title='bbox 752 2897 794 2961; x_wconf 74' lang='lat' dir='ltr'>Aa</span> <span class='ocrx_word' id='word_1_141' title='bbox 817 2917 920 2984; x_wconf 91' lang='lat' dir='ltr'>neque</span> <span class='ocrx_word' id='word_1_142' title='bbox 949 2917 1085 2964; x_wconf 89' lang='lat' dir='ltr'>summus</span> <span class='ocrx_word' id='word_1_143' title='bbox 1119 2900 1177 2962; x_wconf 77' lang='lat' dir='ltr'>At-</span> 
     </span>
     <span class='ocr_line' id='line_1_21' title="bbox 214 3013 1177 3104; baseline 0.005 -26"><span class='ocrx_word' id='word_1_144' title='bbox 214 3014 270 3078; x_wconf 92' lang='lat' dir='ltr'>tici</span> <span class='ocrx_word' id='word_1_145' title='bbox 290 3013 323 3078; x_wconf 93' lang='lat' dir='ltr'>id</span> <span class='ocrx_word' id='word_1_146' title='bbox 346 3015 466 3080; x_wconf 89' lang='lat' dir='ltr'>sinebat</span> <span class='ocrx_word' id='word_1_147' title='bbox 482 3015 600 3104; x_wconf 85' lang='lat' dir='ltr'>patriae</span> <span class='ocrx_word' id='word_1_148' title='bbox 629 3037 717 3082; x_wconf 84' lang='lat' dir='ltr'>emor</span> <span class='ocrx_word' id='word_1_149' title='bbox 739 3036 799 3078; x_wconf 86' lang='lat' dir='ltr'>nac</span> <span class='ocrx_word' id='word_1_150' title='bbox 821 3014 1000 3104; x_wconf 87' lang='lat' dir='ltr'>patiebatur</span> <span class='ocrx_word' id='word_1_151' title='bbox 1030 3016 1177 3086; x_wconf 83' lang='lat' dir='ltr'>seditiosa</span> 
     </span>
     <span class='ocr_line' id='line_1_22' title="bbox 213 3133 1176 3224; baseline 0.004 -26"><span class='ocrx_word' id='word_1_152' title='bbox 213 3134 334 3202; x_wconf 84' lang='lat' dir='ltr'>civitas.</span> <span class='ocrx_word' id='word_1_153' title='bbox 354 3133 427 3200; x_wconf 86' lang='lat' dir='ltr'>lloc</span> <span class='ocrx_word' id='word_1_154' title='bbox 447 3134 543 3224; x_wconf 81' lang='lat' dir='ltr'>igitur</span> <span class='ocrx_word' id='word_1_155' title='bbox 565 3133 665 3200; x_wconf 92' lang='lat' dir='ltr'>solum</span> <span class='ocrx_word' id='word_1_156' title='bbox 685 3146 847 3224; x_wconf 83' lang='lat' dir='ltr'>supererat</span> <span class='ocrx_word' id='word_1_157' title='bbox 868 3136 975 3202; x_wconf 76' lang='lat' dir='ltr'>Attico</span> <span class='ocrx_word' id='word_1_158' title='bbox 998 3137 1176 3224; x_wconf 75' lang='lat' dir='ltr'>refugium,</span> 
     </span>
     <span class='ocr_line' id='line_1_23' title="bbox 212 3254 1177 3344; baseline -0.003 -23"><span class='ocrx_word' id='word_1_159' title='bbox 212 3269 247 3321; x_wconf 93' lang='lat' dir='ltr'>ut</span> <span class='ocrx_word' id='word_1_160' title='bbox 265 3277 359 3343; x_wconf 87' lang='lat' dir='ltr'>quam</span> <span class='ocrx_word' id='word_1_161' title='bbox 373 3255 511 3320; x_wconf 89' lang='lat' dir='ltr'>insanam</span> <span class='ocrx_word' id='word_1_162' title='bbox 530 3254 766 3319; x_wconf 87' lang='lat' dir='ltr'>multitudinem</span> <span class='ocrx_word' id='word_1_163' title='bbox 781 3254 911 3334; x_wconf 89' lang='lat' dir='ltr'>sedare,</span> <span class='ocrx_word' id='word_1_164' title='bbox 935 3275 1031 3340; x_wconf 87' lang='lat' dir='ltr'>quam</span> <span class='ocrx_word' id='word_1_165' title='bbox 1053 3255 1177 3344; x_wconf 74' lang='lat' dir='ltr'>patriae</span> 
     </span>
     <span class='ocr_line' id='line_1_24' title="bbox 212 3373 1177 3462; baseline 0 -22"><span class='ocrx_word' id='word_1_166' title='bbox 212 3375 420 3440; x_wconf 85' lang='lat' dir='ltr'>calamitatem</span> <span class='ocrx_word' id='word_1_167' title='bbox 446 3385 584 3438; x_wconf 86' lang='lat' dir='ltr'>avertere</span> <span class='ocrx_word' id='word_1_168' title='bbox 606 3394 668 3436; x_wconf 95' lang='lat' dir='ltr'>non</span> <span class='ocrx_word' id='word_1_169' title='bbox 697 3383 842 3462; x_wconf 85' lang='lat' dir='ltr'>poterat,</span> <span class='ocrx_word' id='word_1_170' title='bbox 872 3395 940 3440; x_wconf 90' lang='lat' dir='ltr'>eam</span> <span class='ocrx_word' id='word_1_171' title='bbox 973 3373 1103 3438; x_wconf 91' lang='lat' dir='ltr'>honesto</span> <span class='ocrx_word' id='word_1_172' title='bbox 1124 3396 1177 3440; x_wconf 77' lang='lat' dir='ltr'>ex·</span> 
     </span>
    </p>
   </div>
   <div class='ocr_carea' id='block_1_3' title="bbox 211 3467 1179 3584">
    <p class='ocr_par' dir='ltr' id='par_1_3' title="bbox 211 3467 1179 3584">
     <span class='ocr_line' id='line_1_25' title="bbox 211 3467 1179 3584; baseline 0.003 -27"><span class='ocrx_word' id='word_1_173' title='bbox 211 3494 281 3558; x_wconf 87' lang='lat' dir='ltr'>silio</span> <span class='ocrx_word' id='word_1_174' title='bbox 306 3495 479 3584; x_wconf 86' lang='lat' dir='ltr'>prudenter</span> <span class='ocrx_word' id='word_1_175' title='bbox 501 3492 644 3560; x_wconf 83' lang='lat' dir='ltr'>evitaret.</span> <span class='ocrx_word' id='word_1_176' title='bbox 673 3493 775 3577; x_wconf 76' lang='lat' dir='ltr'>Quum</span> <span class='ocrx_word' id='word_1_177' title='bbox 801 3467 881 3558; x_wconf 87' lang='lat' dir='ltr'>adeo</span> <span class='ocrx_word' id='word_1_178' title='bbox 901 3493 955 3559; x_wconf 92' lang='lat' dir='ltr'>ille</span> <span class='ocrx_word' id='word_1_179' title='bbox 977 3495 1179 3584; x_wconf 80' lang='lat' dir='ltr'>intelligeret,</span> 
     </span>
    </p>
   </div>
   <div class='ocr_carea' id='block_1_4' title="bbox 214 3701 1179 4076">
    <p class='ocr_par' dir='ltr' id='par_1_4' title="bbox 214 3701 1179 3877">
     <span class='ocr_line' id='line_1_26' title="bbox 250 3701 1179 3773; baseline 0.001 -17"><span class='ocrx_word' id='word_1_180' title='bbox 250 3701 259 3734; x_wconf 92' lang='lat'><strong>¹</strong></span> <span class='ocrx_word' id='word_1_181' title='bbox 301 3708 442 3773; x_wconf 76' lang='lat' dir='ltr'>Appianas</span> <span class='ocrx_word' id='word_1_182' title='bbox 462 3710 494 3759; x_wconf 88' lang='lat' dir='ltr'>B.</span> <span class='ocrx_word' id='word_1_183' title='bbox 513 3709 544 3758; x_wconf 82' lang='lat' dir='ltr'>C.</span> <span class='ocrx_word' id='word_1_184' title='bbox 563 3709 622 3759; x_wconf 81' lang='lat' dir='ltr'>Lib.</span> <span class='ocrx_word' id='word_1_185' title='bbox 641 3706 828 3762; x_wconf 81' lang='lat' dir='ltr'><strong>1.c.55-60.</strong></span> <span class='ocrx_word' id='word_1_186' title='bbox 847 3708 887 3760; x_wconf 80' lang='lat' dir='ltr'>cf.</span> <span class='ocrx_word' id='word_1_187' title='bbox 905 3706 965 3761; x_wconf 87' lang='lat' dir='ltr'>Cic.</span> <span class='ocrx_word' id='word_1_188' title='bbox 983 3709 1013 3759; x_wconf 80' lang='lat' dir='ltr'>de</span> <span class='ocrx_word' id='word_1_189' title='bbox 1032 3710 1100 3761; x_wconf 75' lang='lat' dir='ltr'>Orat.</span> <span class='ocrx_word' id='word_1_190' title='bbox 1119 3707 1179 3757; x_wconf 81' lang='lat' dir='ltr'>Lib.</span> 
     </span>
     <span class='ocr_line' id='line_1_27' title="bbox 214 3809 457 3877; baseline 0.008 -19"><span class='ocrx_word' id='word_1_191' title='bbox 214 3809 266 3860; x_wconf 88' lang='lat' dir='ltr'>lll.</span> <span class='ocrx_word' id='word_1_192' title='bbox 287 3828 313 3862; x_wconf 84' lang='lat' dir='ltr'>c.</span> <span class='ocrx_word' id='word_1_193' title='bbox 328 3809 355 3860; x_wconf 84' lang='lat'>3.</span> <span class='ocrx_word' id='word_1_194' title='bbox 377 3809 390 3877; x_wconf 84' lang='lat'>§</span> <span class='ocrx_word' id='word_1_195' title='bbox 414 3813 457 3860; x_wconf 88' lang='lat'>11.</span> 
     </span>
    </p>

    <p class='ocr_par' dir='ltr' id='par_1_5' title="bbox 249 3893 663 3960">
     <span class='ocr_line' id='line_1_28' title="bbox 249 3893 663 3960; baseline 0.005 -2"><span class='ocrx_word' id='word_1_196' title='bbox 249 3900 260 3930; x_wconf 81' lang='lat'>²</span> <span class='ocrx_word' id='word_1_197' title='bbox 301 3910 359 3959; x_wconf 85' lang='lat' dir='ltr'>cic.</span> <span class='ocrx_word' id='word_1_198' title='bbox 380 3910 410 3958; x_wconf 83' lang='lat' dir='ltr'>dc</span> <span class='ocrx_word' id='word_1_199' title='bbox 435 3909 517 3960; x_wconf 77' lang='lat' dir='ltr'>Amic.</span> <span class='ocrx_word' id='word_1_200' title='bbox 540 3908 599 3960; x_wconf 81' lang='lat' dir='ltr'>c.l.</span> <span class='ocrx_word' id='word_1_201' title='bbox 654 3893 663 3900; x_wconf 41' lang='grc'><strong>“</strong></span> 
     </span>
    </p>

    <p class='ocr_par' dir='ltr' id='par_1_6' title="bbox 252 3988 554 4076">
     <span class='ocr_line' id='line_1_29' title="bbox 252 3988 554 4076; baseline 0.007 -21"><span class='ocrx_word' id='word_1_202' title='bbox 252 3988 263 4027; x_wconf 73' lang='lat'><strong>³</strong></span> <span class='ocrx_word' id='word_1_203' title='bbox 292 4006 388 4072; x_wconf 77' lang='lat' dir='ltr'>&#39;Nepos</span> <span class='ocrx_word' id='word_1_204' title='bbox 408 4027 434 4062; x_wconf 76' lang='lat' dir='ltr'>c.</span> <span class='ocrx_word' id='word_1_205' title='bbox 454 4007 554 4076; x_wconf 77' lang='lat' dir='ltr'>ll.§l</span> 
     </span>
    </p>
   </div>
   <div class='ocr_carea' id='block_1_5' title="bbox 0 0 1492 5144">
    <p class='ocr_par' dir='ltr' id='par_1_7' title="bbox 0 0 1492 5144">
     <span class='ocr_line' id='line_1_30' title="bbox 0 0 1492 5144; baseline 0 4"><span class='ocrx_word' id='word_1_206' title='bbox 0 0 1492 5144; x_wconf 95' lang='lat' dir='ltr'> </span> 
     </span>
    </p>
   </div>
  </div>
 </body>
</html>
