<?xml version="1.0" encoding="UTF-8"?>
<!DOCTYPE html PUBLIC "-//W3C//DTD XHTML 1.0 Transitional//EN"
    "http://www.w3.org/TR/xhtml1/DTD/xhtml1-transitional.dtd">
<html xmlns="http://www.w3.org/1999/xhtml" xml:lang="en" lang="en">
 <head>
  <title>
</title>
<meta http-equiv="Content-Type" content="text/html;charset=utf-8" />
  <meta name='ocr-system' content='tesseract 3.04.00' />
  <meta name='ocr-capabilities' content='ocr_page ocr_carea ocr_par ocr_line ocrx_word'/>
</head>
<body>
  <div class='ocr_page' id='page_1' title='image "./diatribeintpomp00hullgoog_0149.png"; bbox 0 0 3042 5146; ppageno 0'>
   <div class='ocr_carea' id='block_1_1' title="bbox 771 577 833 647">
    <p class='ocr_par' dir='ltr' id='par_1_1' title="bbox 771 577 833 647">
     <span class='ocr_line' id='line_1_1' title="bbox 771 577 833 647; baseline -0.016 -1"><span class='ocrx_word' id='word_1_1' title='bbox 771 577 833 647; x_wconf 77' lang='lat'>128</span> 
     </span>
    </p>
   </div>
   <div class='ocr_carea' id='block_1_2' title="bbox 315 760 1284 850">
    <p class='ocr_par' dir='ltr' id='par_1_2' title="bbox 315 760 1284 850">
     <span class='ocr_line' id='line_1_2' title="bbox 315 760 1284 850; baseline 0.008 -22"><span class='ocrx_word' id='word_1_2' title='bbox 315 761 428 830; x_wconf 84' lang='lat' dir='ltr'>hebuit</span> <span class='ocrx_word' id='word_1_3' title='bbox 443 764 480 842; x_wconf 92' lang='lat'>¹,</span> <span class='ocrx_word' id='word_1_4' title='bbox 505 763 603 828; x_wconf 88' lang='lat' dir='ltr'>bonus</span> <span class='ocrx_word' id='word_1_5' title='bbox 626 784 692 830; x_wconf 88' lang='lat' dir='ltr'>esse</span> <span class='ocrx_word' id='word_1_6' title='bbox 720 760 856 828; x_wconf 83' lang='lat' dir='ltr'>malebat</span> <span class='ocrx_word' id='word_1_7' title='bbox 891 785 987 850; x_wconf 86' lang='lat' dir='ltr'>quom</span> <span class='ocrx_word' id='word_1_8' title='bbox 1016 763 1128 834; x_wconf 84' lang='lat' dir='ltr'>rideri.</span> <span class='ocrx_word' id='word_1_9' title='bbox 1185 762 1284 836; x_wconf 74' lang='lat' dir='ltr'>Nulla</span> 
     </span>
    </p>
   </div>
   <div class='ocr_carea' id='block_1_3' title="bbox 209 881 1283 970">
    <p class='ocr_par' dir='ltr' id='par_1_3' title="bbox 209 881 1283 970">
     <span class='ocr_line' id='line_1_3' title="bbox 209 881 1283 970; baseline 0.007 -21"><span class='ocrx_word' id='word_1_10' title='bbox 209 895 214 902; x_wconf 90' lang='lat'>&#39;</span> <span class='ocrx_word' id='word_1_11' title='bbox 316 905 388 950; x_wconf 90' lang='lat' dir='ltr'>eum</span> <span class='ocrx_word' id='word_1_12' title='bbox 407 906 466 949; x_wconf 89' lang='lat' dir='ltr'>nec</span> <span class='ocrx_word' id='word_1_13' title='bbox 486 894 553 948; x_wconf 88' lang='lat' dir='ltr'>tum</span> <span class='ocrx_word' id='word_1_14' title='bbox 580 905 639 949; x_wconf 88' lang='lat' dir='ltr'>nee</span> <span class='ocrx_word' id='word_1_15' title='bbox 658 896 766 970; x_wconf 82' lang='lat' dir='ltr'>posteo</span> <span class='ocrx_word' id='word_1_16' title='bbox 792 881 923 947; x_wconf 78' lang='lat' dir='ltr'><strong>ambitio</strong></span> <span class='ocrx_word' id='word_1_17' title='bbox 946 884 1081 964; x_wconf 82' lang='lat' dir='ltr'>rerit²;</span> <span class='ocrx_word' id='word_1_18' title='bbox 1108 889 1163 954; x_wconf 78' lang='lat' dir='ltr'>sut</span> <span class='ocrx_word' id='word_1_19' title='bbox 1196 902 1283 956; x_wconf 83' lang='lat' dir='ltr'>sorte</span> 
     </span>
    </p>
   </div>
   <div class='ocr_carea' id='block_1_4' title="bbox 261 1004 1287 3383">
    <p class='ocr_par' dir='ltr' id='par_1_4' title="bbox 261 1004 1287 2758">
     <span class='ocr_line' id='line_1_4' title="bbox 318 1004 1284 1090; baseline 0.006 -20"><span class='ocrx_word' id='word_1_20' title='bbox 318 1017 481 1071; x_wconf 87' lang='lat' dir='ltr'>contentus</span> <span class='ocrx_word' id='word_1_21' title='bbox 502 1006 535 1070; x_wconf 93' lang='lat' dir='ltr'>iu</span> <span class='ocrx_word' id='word_1_22' title='bbox 565 1025 672 1070; x_wconf 91' lang='lat' dir='ltr'>rerum</span> <span class='ocrx_word' id='word_1_23' title='bbox 701 1004 783 1068; x_wconf 87' lang='lat' dir='ltr'>bene</span> <span class='ocrx_word' id='word_1_24' title='bbox 802 1014 956 1090; x_wconf 79' lang='lat' dir='ltr'>gestorum</span> <span class='ocrx_word' id='word_1_25' title='bbox 976 1004 1168 1084; x_wconf 81' lang='lat' dir='ltr'>conscientia</span> <span class='ocrx_word' id='word_1_26' title='bbox 1197 1008 1284 1076; x_wconf 80' lang='lat' dir='ltr'>ritae</span> 
     </span>
     <span class='ocr_line' id='line_1_5' title="bbox 319 1123 1283 1216; baseline -0.003 -22"><span class='ocrx_word' id='word_1_27' title='bbox 319 1149 481 1202; x_wconf 83' lang='lat' dir='ltr'>summum.</span> <span class='ocrx_word' id='word_1_28' title='bbox 492 1126 585 1193; x_wconf 88' lang='lat' dir='ltr'>decus</span> <span class='ocrx_word' id='word_1_29' title='bbox 605 1125 765 1214; x_wconf 79' lang='lat' dir='ltr'>ponebat,</span> <span class='ocrx_word' id='word_1_30' title='bbox 791 1123 824 1188; x_wconf 92' lang='lat' dir='ltr'>id</span> <span class='ocrx_word' id='word_1_31' title='bbox 849 1145 958 1190; x_wconf 79' lang='lat' dir='ltr'>cerens</span> <span class='ocrx_word' id='word_1_32' title='bbox 982 1145 1126 1213; x_wconf 81' lang='lat' dir='ltr'>semper,</span> <span class='ocrx_word' id='word_1_33' title='bbox 1149 1145 1192 1190; x_wconf 86' lang='lat' dir='ltr'>ne</span> <span class='ocrx_word' id='word_1_34' title='bbox 1215 1146 1283 1216; x_wconf 80' lang='lat' dir='ltr'>qua</span> 
     </span>
     <span class='ocr_line' id='line_1_6' title="bbox 319 1243 1285 1334; baseline 0 -22"><span class='ocrx_word' id='word_1_35' title='bbox 319 1250 353 1312; x_wconf 93' lang='lat' dir='ltr'>in</span> <span class='ocrx_word' id='word_1_36' title='bbox 385 1271 419 1312; x_wconf 90' lang='lat' dir='ltr'>re</span> <span class='ocrx_word' id='word_1_37' title='bbox 446 1249 518 1333; x_wconf 90' lang='lat' dir='ltr'>jure</span> <span class='ocrx_word' id='word_1_38' title='bbox 552 1246 756 1334; x_wconf 77' lang='lat' dir='ltr'>plecteretur.</span> <span class='ocrx_word' id='word_1_39' title='bbox 805 1243 920 1308; x_wconf 90' lang='lat' dir='ltr'>Gerere</span> <span class='ocrx_word' id='word_1_40' title='bbox 944 1243 1096 1333; x_wconf 88' lang='lat' dir='ltr'>plurimos</span> <span class='ocrx_word' id='word_1_41' title='bbox 1119 1245 1285 1334; x_wconf 77' lang='lat' dir='ltr'>magistru-</span> 
     </span>
     <span class='ocr_line' id='line_1_7' title="bbox 317 1362 1285 1457; baseline -0.002 -23"><span class='ocrx_word' id='word_1_42' title='bbox 317 1383 369 1434; x_wconf 89' lang='lat' dir='ltr'>tus</span> <span class='ocrx_word' id='word_1_43' title='bbox 388 1379 518 1457; x_wconf 87' lang='lat' dir='ltr'>propter</span> <span class='ocrx_word' id='word_1_44' title='bbox 541 1364 673 1456; x_wconf 72' lang='lat' dir='ltr'>gretiam</span> <span class='ocrx_word' id='word_1_45' title='bbox 696 1362 745 1429; x_wconf 88' lang='lat' dir='ltr'>rel</span> <span class='ocrx_word' id='word_1_46' title='bbox 766 1363 951 1453; x_wconf 78' lang='lat' dir='ltr'>dignitatern</span> <span class='ocrx_word' id='word_1_47' title='bbox 980 1366 1107 1454; x_wconf 80' lang='lat' dir='ltr'>potuit3</span> <span class='ocrx_word' id='word_1_48' title='bbox 1141 1366 1195 1431; x_wconf 89' lang='lat' dir='ltr'>sed</span> <span class='ocrx_word' id='word_1_49' title='bbox 1211 1389 1285 1432; x_wconf 60' lang='lat' dir='ltr'>orna</span> 
     </span>
     <span class='ocr_line' id='line_1_8' title="bbox 318 1482 1278 1574; baseline 0 -22"><span class='ocrx_word' id='word_1_50' title='bbox 318 1509 371 1554; x_wconf 88' lang='lat' dir='ltr'>nes</span> <span class='ocrx_word' id='word_1_51' title='bbox 403 1485 540 1574; x_wconf 85' lang='lat' dir='ltr'>respuit,</span> <span class='ocrx_word' id='word_1_52' title='bbox 564 1505 604 1548; x_wconf 91' lang='lat' dir='ltr'>ne</span> <span class='ocrx_word' id='word_1_53' title='bbox 637 1482 838 1548; x_wconf 78' lang='lat' dir='ltr'>Senatorium</span> <span class='ocrx_word' id='word_1_54' title='bbox 867 1484 997 1574; x_wconf 89' lang='lat' dir='ltr'>quidem</span> <span class='ocrx_word' id='word_1_55' title='bbox 1025 1485 1169 1552; x_wconf 85' lang='lat' dir='ltr'>ordinem</span> <span class='ocrx_word' id='word_1_56' title='bbox 1201 1489 1278 1552; x_wconf 84' lang='lat' dir='ltr'>effe-</span> 
     </span>
     <span class='ocr_line' id='line_1_9' title="bbox 319 1606 1285 1697; baseline -0.002 -21"><span class='ocrx_word' id='word_1_57' title='bbox 319 1623 405 1676; x_wconf 88' lang='lat' dir='ltr'>cteus</span> <span class='ocrx_word' id='word_1_58' title='bbox 420 1614 451 1680; x_wconf 79' lang='lat'>³.</span> <span class='ocrx_word' id='word_1_59' title='bbox 498 1609 609 1696; x_wconf 86' lang='lat' dir='ltr'>Neque</span> <span class='ocrx_word' id='word_1_60' title='bbox 631 1619 736 1671; x_wconf 87' lang='lat' dir='ltr'>temen</span> <span class='ocrx_word' id='word_1_61' title='bbox 749 1653 760 1686; x_wconf 89' lang='lat'>,</span> <span class='ocrx_word' id='word_1_62' title='bbox 784 1606 843 1673; x_wconf 90' lang='lat' dir='ltr'>etsi</span> <span class='ocrx_word' id='word_1_63' title='bbox 871 1628 950 1670; x_wconf 93' lang='lat' dir='ltr'>unus</span> <span class='ocrx_word' id='word_1_64' title='bbox 980 1606 1013 1669; x_wconf 91' lang='lat' dir='ltr'>in</span> <span class='ocrx_word' id='word_1_65' title='bbox 1034 1608 1143 1697; x_wconf 80' lang='lat' dir='ltr'>paucis</span> <span class='ocrx_word' id='word_1_66' title='bbox 1171 1609 1285 1674; x_wconf 59' lang='lat' dir='ltr'>modes</span> 
     </span>
     <span class='ocr_line' id='line_1_10' title="bbox 318 1723 1277 1814; baseline 0.001 -21"><span class='ocrx_word' id='word_1_67' title='bbox 318 1729 488 1804; x_wconf 84' lang='lat' dir='ltr'>stissimus,</span> <span class='ocrx_word' id='word_1_68' title='bbox 518 1736 616 1792; x_wconf 84' lang='lat' dir='ltr'>semet</span> <span class='ocrx_word' id='word_1_69' title='bbox 638 1725 740 1813; x_wconf 83' lang='lat' dir='ltr'>ipsum</span> <span class='ocrx_word' id='word_1_70' title='bbox 754 1723 884 1812; x_wconf 81' lang='lat' dir='ltr'>ubjecit.</span> <span class='ocrx_word' id='word_1_71' title='bbox 908 1724 1091 1812; x_wconf 74' lang='lat' dir='ltr'>Elegantem</span> <span class='ocrx_word' id='word_1_72' title='bbox 1113 1727 1277 1814; x_wconf 82' lang='lat' dir='ltr'>quendem</span> 
     </span>
     <span class='ocr_line' id='line_1_11' title="bbox 321 1845 1277 1937; baseline 0.002 -23"><span class='ocrx_word' id='word_1_73' title='bbox 321 1871 440 1914; x_wconf 77' lang='lat' dir='ltr'>seruere</span> <span class='ocrx_word' id='word_1_74' title='bbox 463 1847 556 1912; x_wconf 85' lang='lat' dir='ltr'>simul</span> <span class='ocrx_word' id='word_1_75' title='bbox 578 1846 766 1936; x_wconf 74' lang='lat' dir='ltr'>dignitatem</span> <span class='ocrx_word' id='word_1_76' title='bbox 799 1846 844 1910; x_wconf 88' lang='lat' dir='ltr'>sic</span> <span class='ocrx_word' id='word_1_77' title='bbox 874 1845 1051 1926; x_wconf 77' lang='lat' dir='ltr'>didicerat,</span> <span class='ocrx_word' id='word_1_78' title='bbox 1086 1859 1121 1913; x_wconf 89' lang='lat' dir='ltr'>ut</span> <span class='ocrx_word' id='word_1_79' title='bbox 1149 1851 1215 1937; x_wconf 90' lang='lat' dir='ltr'>ejus</span> <span class='ocrx_word' id='word_1_80' title='bbox 1244 1863 1277 1917; x_wconf 89' lang='lat' dir='ltr'>et</span> 
     </span>
     <span class='ocr_line' id='line_1_12' title="bbox 321 1966 1285 2036; baseline 0.002 -4"><span class='ocrx_word' id='word_1_81' title='bbox 321 1968 385 2034; x_wconf 83' lang='lat' dir='ltr'>rita</span> <span class='ocrx_word' id='word_1_82' title='bbox 427 1979 459 2032; x_wconf 88' lang='lat' dir='ltr'>et</span> <span class='ocrx_word' id='word_1_83' title='bbox 502 1966 601 2031; x_wconf 80' lang='lat' dir='ltr'>oratio</span> <span class='ocrx_word' id='word_1_84' title='bbox 636 1979 802 2033; x_wconf 85' lang='lat' dir='ltr'>consecute</span> <span class='ocrx_word' id='word_1_85' title='bbox 826 1979 905 2032; x_wconf 88' lang='lat' dir='ltr'>esset</span> <span class='ocrx_word' id='word_1_86' title='bbox 939 1967 1163 2034; x_wconf 81' lang='lat' dir='ltr'>difficillimam</span> <span class='ocrx_word' id='word_1_87' title='bbox 1194 1969 1285 2036; x_wconf 84' lang='lat' dir='ltr'>illem</span> 
     </span>
     <span class='ocr_line' id='line_1_13' title="bbox 322 2084 1285 2179; baseline 0.001 -24"><span class='ocrx_word' id='word_1_88' title='bbox 322 2089 502 2156; x_wconf 78' lang='lat' dir='ltr'>societatem</span> <span class='ocrx_word' id='word_1_89' title='bbox 523 2087 680 2174; x_wconf 71' lang='lat' dir='ltr'>gravitatis</span> <span class='ocrx_word' id='word_1_90' title='bbox 712 2109 784 2152; x_wconf 90' lang='lat' dir='ltr'>cum</span> <span class='ocrx_word' id='word_1_91' title='bbox 808 2084 1003 2154; x_wconf 75' lang='lat' dir='ltr'>humanitate</span> <span class='ocrx_word' id='word_1_92' title='bbox 1019 2092 1048 2158; x_wconf 76' lang='lat'>⁴.</span> <span class='ocrx_word' id='word_1_93' title='bbox 1094 2090 1178 2156; x_wconf 88' lang='lat' dir='ltr'>Hinc</span> <span class='ocrx_word' id='word_1_94' title='bbox 1201 2113 1285 2179; x_wconf 89' lang='lat' dir='ltr'>qno·</span> 
     </span>
     <span class='ocr_line' id='line_1_14' title="bbox 323 2206 1285 2303; baseline 0.007 -30"><span class='ocrx_word' id='word_1_95' title='bbox 323 2231 385 2299; x_wconf 90' lang='lat' dir='ltr'>qne</span> <span class='ocrx_word' id='word_1_96' title='bbox 422 2206 620 2272; x_wconf 82' lang='lat' dir='ltr'>mendacium</span> <span class='ocrx_word' id='word_1_97' title='bbox 647 2229 750 2296; x_wconf 90' lang='lat' dir='ltr'>neque</span> <span class='ocrx_word' id='word_1_98' title='bbox 792 2209 858 2298; x_wconf 89' lang='lat' dir='ltr'>ipse</span> <span class='ocrx_word' id='word_1_99' title='bbox 885 2210 990 2287; x_wconf 66' lang='lat' dir='ltr'>‚sciens</span> <span class='ocrx_word' id='word_1_100' title='bbox 1020 2209 1146 2276; x_wconf 79' lang='lat' dir='ltr'>dicebat</span> <span class='ocrx_word' id='word_1_101' title='bbox 1179 2233 1285 2303; x_wconf 86' lang='lat' dir='ltr'>neque</span> 
     </span>
     <span class='ocr_line' id='line_1_15' title="bbox 321 2326 1284 2419; baseline 0.013 -27"><span class='ocrx_word' id='word_1_102' title='bbox 321 2328 441 2392; x_wconf 79' lang='lat' dir='ltr'>ferebat</span> <span class='ocrx_word' id='word_1_103' title='bbox 469 2327 503 2390; x_wconf 94' lang='lat' dir='ltr'>in</span> <span class='ocrx_word' id='word_1_104' title='bbox 544 2326 626 2396; x_wconf 81' lang='lat' dir='ltr'>aliis.</span> <span class='ocrx_word' id='word_1_105' title='bbox 688 2330 833 2419; x_wconf 80' lang='lat' dir='ltr'>«Itaque</span> <span class='ocrx_word' id='word_1_106' title='bbox 868 2334 934 2419; x_wconf 87' lang='lat' dir='ltr'>ejus</span> <span class='ocrx_word' id='word_1_107' title='bbox 968 2335 1098 2402; x_wconf 82' lang='lat' dir='ltr'>comites</span> <span class='ocrx_word' id='word_1_108' title='bbox 1131 2358 1195 2400; x_wconf 91' lang='lat' dir='ltr'>non</span> <span class='ocrx_word' id='word_1_109' title='bbox 1213 2338 1284 2404; x_wconf 89' lang='lat' dir='ltr'>sine</span> 
     </span>
     <span class='ocr_line' id='line_1_16' title="bbox 326 2445 1286 2537; baseline 0.01 -27"><span class='ocrx_word' id='word_1_110' title='bbox 326 2445 488 2510; x_wconf 81' lang='lat' dir='ltr'>severitate</span> <span class='ocrx_word' id='word_1_111' title='bbox 521 2459 607 2525; x_wconf 84' lang='lat' dir='ltr'>eret,</span> <span class='ocrx_word' id='word_1_112' title='bbox 647 2469 750 2537; x_wconf 85' lang='lat' dir='ltr'>neque</span> <span class='ocrx_word' id='word_1_113' title='bbox 783 2450 914 2537; x_wconf 75' lang='lat' dir='ltr'>gravitas</span> <span class='ocrx_word' id='word_1_114' title='bbox 944 2450 1009 2516; x_wconf 88' lang='lat' dir='ltr'>sino</span> <span class='ocrx_word' id='word_1_115' title='bbox 1042 2451 1213 2521; x_wconf 78' lang='lat' dir='ltr'>facilitates</span> <span class='ocrx_word' id='word_1_116' title='bbox 1250 2465 1286 2520; x_wconf 84' lang='lat' dir='ltr'>ut</span> 
     </span>
     <span class='ocr_line' id='line_1_17' title="bbox 325 2564 1287 2662; baseline 0.006 -32"><span class='ocrx_word' id='word_1_117' title='bbox 325 2565 454 2631; x_wconf 88' lang='lat' dir='ltr'>difficile</span> <span class='ocrx_word' id='word_1_118' title='bbox 487 2578 564 2632; x_wconf 88' lang='lat' dir='ltr'>esset</span> <span class='ocrx_word' id='word_1_119' title='bbox 594 2564 783 2646; x_wconf 77' lang='lat' dir='ltr'>intellectu,</span> <span class='ocrx_word' id='word_1_120' title='bbox 816 2581 921 2636; x_wconf 88' lang='lat' dir='ltr'>utrum</span> <span class='ocrx_word' id='word_1_121' title='bbox 955 2593 1028 2636; x_wconf 88' lang='lat' dir='ltr'>eum</span> <span class='ocrx_word' id='word_1_122' title='bbox 1058 2571 1151 2637; x_wconf 83' lang='lat' dir='ltr'>nmini</span> <span class='ocrx_word' id='word_1_123' title='bbox 1187 2575 1287 2662; x_wconf 75' lang='lat' dir='ltr'>magis</span> 
     </span>
     <span class='ocr_line' id='line_1_18' title="bbox 261 2695 812 2758; baseline -0.002 -6"><span class='ocrx_word' id='word_1_124' title='bbox 261 2707 263 2710; x_wconf 83' lang='lat'>·</span> <span class='ocrx_word' id='word_1_125' title='bbox 324 2698 504 2752; x_wconf 74' lang='lat' dir='ltr'>vererentur</span> <span class='ocrx_word' id='word_1_126' title='bbox 523 2709 562 2750; x_wconf 86' lang='lat' dir='ltr'>un</span> <span class='ocrx_word' id='word_1_127' title='bbox 591 2698 765 2752; x_wconf 80' lang='lat' dir='ltr'>emerent»</span> <span class='ocrx_word' id='word_1_128' title='bbox 782 2695 812 2758; x_wconf 89' lang='lat'>⁵.</span> 
     </span>
    </p>

    <p class='ocr_par' dir='ltr' id='par_1_5' title="bbox 323 2807 1287 3383">
     <span class='ocr_line' id='line_1_19' title="bbox 371 2807 1285 2900; baseline 0.001 -26"><span class='ocrx_word' id='word_1_129' title='bbox 371 2809 419 2874; x_wconf 82' lang='lat' dir='ltr'>Ita</span> <span class='ocrx_word' id='word_1_130' title='bbox 448 2807 593 2886; x_wconf 77' lang='lat' dir='ltr'>Atticus,</span> <span class='ocrx_word' id='word_1_131' title='bbox 628 2829 705 2897; x_wconf 87' lang='lat' dir='ltr'>quos</span> <span class='ocrx_word' id='word_1_132' title='bbox 725 2808 821 2874; x_wconf 87' lang='lat' dir='ltr'>semel</span> <span class='ocrx_word' id='word_1_133' title='bbox 843 2809 961 2876; x_wconf 84' lang='lat' dir='ltr'>emices</span> <span class='ocrx_word' id='word_1_134' title='bbox 980 2807 1113 2889; x_wconf 82' lang='lat' dir='ltr'>hebuit,</span> <span class='ocrx_word' id='word_1_135' title='bbox 1138 2834 1189 2878; x_wconf 91' lang='lat' dir='ltr'>eos</span> <span class='ocrx_word' id='word_1_136' title='bbox 1210 2834 1285 2900; x_wconf 53' lang='lat' dir='ltr'>pera</span> 
     </span>
     <span class='ocr_line' id='line_1_20' title="bbox 325 2930 1287 3021; baseline -0.002 -23"><span class='ocrx_word' id='word_1_137' title='bbox 325 2943 421 3020; x_wconf 82' lang='lat' dir='ltr'>petuo</span> <span class='ocrx_word' id='word_1_138' title='bbox 443 2931 503 2996; x_wconf 82' lang='lat' dir='ltr'>sibi</span> <span class='ocrx_word' id='word_1_139' title='bbox 535 2951 640 2994; x_wconf 90' lang='lat' dir='ltr'>omnes</span> <span class='ocrx_word' id='word_1_140' title='bbox 663 2930 819 3010; x_wconf 85' lang='lat' dir='ltr'>retinnit,</span> <span class='ocrx_word' id='word_1_141' title='bbox 844 2943 990 3021; x_wconf 67' lang='lat' dir='ltr'>cognatos</span> <span class='ocrx_word' id='word_1_142' title='bbox 1019 2953 1141 2996; x_wconf 83' lang='lat' dir='ltr'>summo</span> <span class='ocrx_word' id='word_1_143' title='bbox 1166 2931 1287 3020; x_wconf 81' lang='lat' dir='ltr'>pietate</span> 
     </span>
     <span class='ocr_line' id='line_1_21' title="bbox 327 3049 1287 3120; baseline 0.002 -4"><span class='ocrx_word' id='word_1_144' title='bbox 327 3050 436 3120; x_wconf 86' lang='lat' dir='ltr'>coluit.</span> <span class='ocrx_word' id='word_1_145' title='bbox 482 3049 560 3116; x_wconf 89' lang='lat' dir='ltr'>Indo</span> <span class='ocrx_word' id='word_1_146' title='bbox 580 3096 620 3108; x_wconf 91' lang='lat'>-</span> <span class='ocrx_word' id='word_1_147' title='bbox 639 3069 712 3115; x_wconf 84' lang='lat' dir='ltr'>nam</span> <span class='ocrx_word' id='word_1_148' title='bbox 734 3050 774 3116; x_wconf 89' lang='lat' dir='ltr'>de</span> <span class='ocrx_word' id='word_1_149' title='bbox 794 3052 837 3118; x_wconf 86' lang='grc' dir='ltr'>Μ.</span> <span class='ocrx_word' id='word_1_150' title='bbox 864 3050 1016 3118; x_wconf 86' lang='lat' dir='ltr'>Cicerone</span> <span class='ocrx_word' id='word_1_151' title='bbox 1050 3051 1209 3118; x_wconf 84' lang='lat' dir='ltr'>notissimo</span> <span class='ocrx_word' id='word_1_152' title='bbox 1234 3074 1287 3118; x_wconf 88' lang='lat' dir='ltr'>res</span> 
     </span>
     <span class='ocr_line' id='line_1_22' title="bbox 328 3171 1286 3259; baseline -0.003 -21"><span class='ocrx_word' id='word_1_153' title='bbox 328 3187 374 3240; x_wconf 88' lang='lat' dir='ltr'>est</span> <span class='ocrx_word' id='word_1_154' title='bbox 404 3209 449 3222; x_wconf 91' lang='lat'>—</span> <span class='ocrx_word' id='word_1_155' title='bbox 477 3172 564 3238; x_wconf 84' lang='lat' dir='ltr'>ilium</span> <span class='ocrx_word' id='word_1_156' title='bbox 588 3172 671 3238; x_wconf 87' lang='lat' dir='ltr'>inter</span> <span class='ocrx_word' id='word_1_157' title='bbox 692 3184 723 3238; x_wconf 82' lang='lat' dir='ltr'>et</span> <span class='ocrx_word' id='word_1_158' title='bbox 747 3171 785 3254; x_wconf 80' lang='lat' dir='ltr'>Q.</span> <span class='ocrx_word' id='word_1_159' title='bbox 810 3171 946 3238; x_wconf 87' lang='lat' dir='ltr'>Gellium</span> <span class='ocrx_word' id='word_1_160' title='bbox 968 3171 1111 3250; x_wconf 74' lang='lat' dir='ltr'>(ionum,</span> <span class='ocrx_word' id='word_1_161' title='bbox 1138 3172 1286 3259; x_wconf 82' lang='lat' dir='ltr'>upnerili</span> 
     </span>
     <span class='ocr_line' id='line_1_23' title="bbox 323 3292 1284 3383; baseline -0.005 -23"><span class='ocrx_word' id='word_1_162' title='bbox 323 3297 391 3383; x_wconf 82' lang='lat' dir='ltr'>jem</span> <span class='ocrx_word' id='word_1_163' title='bbox 419 3306 546 3373; x_wconf 80' lang='lat' dir='ltr'>aetate,</span> <span class='ocrx_word' id='word_1_164' title='bbox 584 3303 670 3357; x_wconf 78' lang='lat' dir='ltr'>tonte</span> <span class='ocrx_word' id='word_1_165' title='bbox 701 3293 875 3357; x_wconf 83' lang='lat' dir='ltr'>intercessit</span> <span class='ocrx_word' id='word_1_166' title='bbox 909 3292 1115 3381; x_wconf 85' lang='lat' dir='ltr'>conjunctio,</span> <span class='ocrx_word' id='word_1_167' title='bbox 1159 3304 1193 3356; x_wconf 87' lang='lat' dir='ltr'>ut</span> <span class='ocrx_word' id='word_1_168' title='bbox 1220 3314 1284 3356; x_wconf 91' lang='lat' dir='ltr'>nun</span> 
     </span>
    </p>
   </div>
   <div class='ocr_carea' id='block_1_5' title="bbox 327 3407 1285 3493">
    <p class='ocr_par' dir='ltr' id='par_1_6' title="bbox 327 3407 1285 3493">
     <span class='ocr_line' id='line_1_24' title="bbox 327 3407 1285 3493; baseline 0 -15"><span class='ocrx_word' id='word_1_169' title='bbox 327 3413 427 3478; x_wconf 85' lang='lat' dir='ltr'>solum</span> <span class='ocrx_word' id='word_1_170' title='bbox 447 3412 526 3478; x_wconf 86' lang='lat' dir='ltr'>nihii</span> <span class='ocrx_word' id='word_1_171' title='bbox 558 3413 596 3478; x_wconf 93' lang='lat' dir='ltr'>de</span> <span class='ocrx_word' id='word_1_172' title='bbox 629 3427 740 3479; x_wconf 91' lang='lat' dir='ltr'>mutuo</span> <span class='ocrx_word' id='word_1_173' title='bbox 778 3435 881 3479; x_wconf 81' lang='lat' dir='ltr'>rmore</span> <span class='ocrx_word' id='word_1_174' title='bbox 918 3411 1135 3493; x_wconf 87' lang='lat' dir='ltr'>remitterent,</span> <span class='ocrx_word' id='word_1_175' title='bbox 1171 3411 1224 3478; x_wconf 90' lang='lat' dir='ltr'>sed</span> <span class='ocrx_word' id='word_1_176' title='bbox 1245 3407 1285 3478; x_wconf 79' lang='lat' dir='ltr'>ed</span> 
     </span>
    </p>
   </div>
   <div class='ocr_carea' id='block_1_6' title="bbox 365 3647 1024 4128">
    <p class='ocr_par' dir='ltr' id='par_1_7' title="bbox 367 3647 766 3725">
     <span class='ocr_line' id='line_1_25' title="bbox 367 3647 766 3725; baseline 0.013 -18"><span class='ocrx_word' id='word_1_177' title='bbox 367 3647 377 3682; x_wconf 83' lang='lat'><strong>¹</strong></span> <span class='ocrx_word' id='word_1_178' title='bbox 416 3655 475 3708; x_wconf 80' lang='lat' dir='ltr'>Lib.</span> <span class='ocrx_word' id='word_1_179' title='bbox 492 3653 566 3707; x_wconf 74' lang='lat' dir='ltr'>xvi.</span> <span class='ocrx_word' id='word_1_180' title='bbox 585 3656 635 3725; x_wconf 79' lang='lat' dir='ltr'>Ep.</span> <span class='ocrx_word' id='word_1_181' title='bbox 653 3661 678 3711; x_wconf 81' lang='lat'>7.</span> <span class='ocrx_word' id='word_1_182' title='bbox 702 3659 718 3725; x_wconf 75' lang='grc'><strong><em>5</em></strong></span> <span class='ocrx_word' id='word_1_183' title='bbox 738 3658 766 3724; x_wconf 70' lang='lat' dir='ltr'>i·</span> 
     </span>
    </p>

    <p class='ocr_par' dir='ltr' id='par_1_8' title="bbox 365 3747 1024 3929">
     <span class='ocr_line' id='line_1_26' title="bbox 366 3747 1024 3830; baseline 0.014 -25"><span class='ocrx_word' id='word_1_184' title='bbox 366 3747 377 3780; x_wconf 85' lang='lat'><strong>¹</strong></span> <span class='ocrx_word' id='word_1_185' title='bbox 417 3754 458 3807; x_wconf 81' lang='lat' dir='ltr'>Gi.</span> <span class='ocrx_word' id='word_1_186' title='bbox 475 3752 534 3811; x_wconf 84' lang='lat' dir='ltr'>Cic.</span> <span class='ocrx_word' id='word_1_187' title='bbox 551 3757 611 3809; x_wconf 80' lang='lat' dir='ltr'>tib.</span> <span class='ocrx_word' id='word_1_188' title='bbox 629 3754 707 3811; x_wconf 72' lang='lat' dir='ltr'>titt.</span> <span class='ocrx_word' id='word_1_189' title='bbox 724 3760 758 3809; x_wconf 78' lang='lat' dir='ltr'>ad</span> <span class='ocrx_word' id='word_1_190' title='bbox 774 3759 834 3815; x_wconf 71' lang='lat' dir='ltr'>nn.</span> <span class='ocrx_word' id='word_1_191' title='bbox 853 3763 902 3828; x_wconf 78' lang='lat' dir='ltr'>Ep.</span> <span class='ocrx_word' id='word_1_192' title='bbox 919 3766 946 3814; x_wconf 72' lang='lat'>16</span> <span class='ocrx_word' id='word_1_193' title='bbox 964 3762 978 3830; x_wconf 92' lang='grc'><strong><em>5</em></strong></span> <span class='ocrx_word' id='word_1_194' title='bbox 996 3761 1024 3814; x_wconf 78' lang='lat'>5·</span> 
     </span>
     <span class='ocr_line' id='line_1_27' title="bbox 365 3848 940 3929; baseline 0.016 -23"><span class='ocrx_word' id='word_1_195' title='bbox 365 3848 376 3881; x_wconf 80' lang='lat'>²</span> <span class='ocrx_word' id='word_1_196' title='bbox 413 3857 500 3923; x_wconf 81' lang='lat' dir='ltr'>Nepos</span> <span class='ocrx_word' id='word_1_197' title='bbox 517 3875 543 3912; x_wconf 89' lang='lat' dir='ltr'>c.</span> <span class='ocrx_word' id='word_1_198' title='bbox 559 3855 775 3926; x_wconf 78' lang='lat' dir='ltr'>x1.§6f.;c.</span> <span class='ocrx_word' id='word_1_199' title='bbox 791 3857 940 3929; x_wconf 65' lang='lat' dir='ltr'>xiim.</span> 
     </span>
    </p>

    <p class='ocr_par' dir='ltr' id='par_1_9' title="bbox 366 3946 938 4026">
     <span class='ocr_line' id='line_1_28' title="bbox 366 3946 938 4026; baseline 0.017 -19"><span class='ocrx_word' id='word_1_200' title='bbox 366 3946 378 3982; x_wconf 78' lang='lat'>¹⁴</span> <span class='ocrx_word' id='word_1_201' title='bbox 416 3951 476 4011; x_wconf 80' lang='lat' dir='ltr'>Cic.</span> <span class='ocrx_word' id='word_1_202' title='bbox 494 3959 524 4010; x_wconf 81' lang='lat' dir='ltr'>de</span> <span class='ocrx_word' id='word_1_203' title='bbox 543 3960 615 4026; x_wconf 68' lang='lat' dir='ltr'>legg·</span> <span class='ocrx_word' id='word_1_204' title='bbox 632 3961 693 4014; x_wconf 80' lang='lat' dir='ltr'><strong>Lib.</strong></span> <span class='ocrx_word' id='word_1_205' title='bbox 709 3960 766 4015; x_wconf 81' lang='lat' dir='ltr'>Hi.</span> <span class='ocrx_word' id='word_1_206' title='bbox 783 3983 806 4014; x_wconf 89' lang='lat' dir='ltr'>c·</span> <span class='ocrx_word' id='word_1_207' title='bbox 830 3967 855 4018; x_wconf 72' lang='lat' dir='ltr'>ls</span> <span class='ocrx_word' id='word_1_208' title='bbox 872 3965 938 4017; x_wconf 76' lang='lat' dir='ltr'>init«</span> 
     </span>
    </p>

    <p class='ocr_par' dir='ltr' id='par_1_10' title="bbox 366 4041 703 4128">
     <span class='ocr_line' id='line_1_29' title="bbox 366 4041 703 4128; baseline 0.012 -21"><span class='ocrx_word' id='word_1_209' title='bbox 366 4041 377 4075; x_wconf 76' lang='lat'><strong>⁵</strong></span> <span class='ocrx_word' id='word_1_210' title='bbox 416 4060 499 4125; x_wconf 79' lang='lat' dir='ltr'>Nepos</span> <span class='ocrx_word' id='word_1_211' title='bbox 517 4080 544 4114; x_wconf 84' lang='lat' dir='ltr'>c.</span> <span class='ocrx_word' id='word_1_212' title='bbox 563 4059 703 4128; x_wconf 55' lang='grc' dir='ltr'>ΝΜ.</span> 
     </span>
    </p>
   </div>
   <div class='ocr_carea' id='block_1_7' title="bbox 0 0 1536 5146">
    <p class='ocr_par' dir='ltr' id='par_1_11' title="bbox 0 0 1536 5146">
     <span class='ocr_line' id='line_1_30' title="bbox 0 0 1536 5146; baseline 0 0"><span class='ocrx_word' id='word_1_213' title='bbox 0 0 1536 5146; x_wconf 95' lang='lat' dir='ltr'> </span> 
     </span>
    </p>
   </div>
  </div>
 </body>
</html>
