2970 5144
656 622 698 684 29

193 800 360 867 volentiam
370 799 453 888 apud
473 796 677 864 Athenienses
690 797 871 864 conciliaret
885 847 894 877 ,
908 811 942 862 nt
953 818 1059 862 omnes
1074 819 1147 863 eum

194 939 342 1014 tauquam
354 942 552 988 communem
568 920 701 986 civitatis
712 942 784 985 suae
795 921 956 1008 sdrpyltqv
968 932 999 984 et
1012 920 1162 1012 colerent¹

195 1061 228 1113 et
239 1048 368 1112 summis
384 1057 647 1135 prosequerentur
664 1043 847 1113 honoribus.
872 1043 956 1111 Satis
967 1046 1082 1110 afflictis
1093 1045 1151 1112 isto

200 1183 344 1260 tempore
371 1167 552 1236 conditione
573 1168 720 1234 utebatur
741 1167 849 1232 civitas
867 1168 894 1245 ¹,
925 1168 1100 1256 magnaque
1122 1165 1153 1228 in

150 1275 153 1284 ¹
195 1291 305 1378 primis
335 1289 496 1354 laborabat
520 1292 669 1378 pecuniae
692 1289 809 1378 inopiri.
857 1286 1014 1354 Exhausto
1036 1287 1155 1351 aerario

197 1411 502 1478 versuramlacieudo
510 1412 622 1478 frustra
634 1433 813 1478 succurrere
822 1412 1014 1477 conabantur
1026 1422 1153 1500 propter

197 1531 337 1618 ingentes
350 1576 361 1609 ,
383 1554 458 1620 quas
481 1531 650 1619 poscebant
661 1533 869 1598 foeneratores
881 1581 901 1618 ,,
913 1553 1038 1609 usuras,
1060 1541 1157 1596 utens

200 1649 413 1737 multiplicare
434 1651 554 1738 saepius
574 1665 673 1716 essent
689 1652 809 1730 coacti,
831 1651 896 1742 ipsa
919 1664 1024 1717 autem
1054 1651 1157 1716 nomi-

199 1793 237 1832 na
261 1768 421 1834 difficilius
444 1767 561 1834 indies
582 1770 726 1838 solvenda
748 1773 1019 1840 inveterascereut.
1066 1773 1156 1856 Quod

200 1890 305 1955 ridens
326 1890 451 1956 Atticus
471 1913 540 1956 eam
574 1892 646 1956 iniit
677 1894 850 1970 rationem,
887 1905 938 1971 ut,
969 1915 1066 1980 quum
1091 1915 1159 1957 ser·
1188 1929 1192 1936 ·

198 2033 302 2076 suram
322 2011 426 2077 lacere
447 2012 576 2098 publice
598 2025 835 2090 necesseerat,
870 2035 972 2102 neque
998 2015 1064 2100 ejus
1083 2036 1160 2078 con-

152 2138 155 2142 ’
198 2132 351 2199 ditionem
378 2153 510 2220 aequam
532 2131 714 2211 habebant,
736 2154 859 2222 semper
887 2153 918 2196 se
947 2132 1161 2228 interponeret

200 2264 252 2333 ct,
288 2253 368 2316 mirei
402 2252 582 2340 integritate
613 2275 706 2331 usus,
739 2275 841 2341 neque
863 2275 987 2318 usuram
1020 2275 1157 2342 unquam

204 2372 244 2436 ab
264 2372 300 2436 iis
318 2371 501 2460 acciperet,
520 2395 623 2463 neque
633 2374 777 2464 longius,
800 2398 896 2464 quam
918 2375 1037 2440 dictum
1060 2389 1159 2455 esset,

206 2511 258 2554 eos
288 2488 402 2555 debere
435 2505 607 2582 pateretur.
643 2494 842 2560 Praeclarum
863 2517 935 2560 sane
959 2509 990 2560 ct
1019 2496 1158 2585 splendi-

203 2611 277 2676 dum
288 2612 425 2702 ipsisque
435 2612 678 2680 Atheniensibus
689 2616 821 2680 salutare
840 2616 1025 2681 eonsilium!
1045 2618 1158 2684 «Nam

203 2753 305 2822 neque
334 2732 527 2824 indulgendo
558 2735 783 2801 inveterascere
806 2756 914 2800 eorum
945 2756 994 2798 aes
1021 2735 1158 2798 alienum

205 2851 408 2938 patiebatur,
439 2875 541 2942 neque
570 2854 816 2946 multiplicandis
837 2855 936 2921 usuris
955 2876 1092 2920 crescere
1105 2859 1158 2922 ³».

248 2975 410 3062 Ejusmodi
431 2976 596 3066 Pomponii
617 2978 679 3042 luit
698 2977 782 3067 apud
804 2976 1010 3042 Athenienses
1032 2975 1157 3042 risendi

206 3094 383 3185 agendique
405 3095 507 3176 ratio,
532 3097 682 3184 ejusmodi
709 3097 740 3162 in
761 3096 957 3164 Athenarum
984 3073 1160 3185 rempubli-

204 3238 275 3282 cam
293 3215 428 3315 merita,
461 3239 542 3305 quae
565 3217 731 3307 quidemn
755 3217 875 3282 civibus
898 3217 984 3303 justo
1005 3237 1060 3280 suo
1086 3238 1159 3302 pre·

206 3340 249 3407 tio
270 3339 365 3404 fuisse
396 3337 579 3418 aestimata,
599 3337 769 3404 memoriae
789 3335 950 3425 proditum
973 3335 1160 3404 invenimus.

205 3459 256 3524 Illi
286 3460 394 3540 enim,
426 3481 523 3550 quum
544 3460 644 3524 civem
673 3459 816 3524 riderent
836 3459 1033 3536 Romanum,
1053 3455 1159 3548 hospi·

207 3594 292 3663 tem,
322 3581 378 3670 qui
409 3581 585 3648 tantslcurai
605 3581 638 3645 in
668 3579 860 3670 reipublicae
891 3591 923 3644 et
953 3580 1087 3644 formam
1110 3577 1159 3642 in·

246 3796 255 3828 ¹
295 3793 383 3847 Daca
403 3798 466 3850 vide
485 3796 803 3864 emanuelem,
822 3816 852 3864 p.
875 3797 924 3850 103
944 3813 1007 3864 sqq.

246 3887 256 3918 ²
298 3896 383 3962 Nepos
401 3915 424 3948 c.
442 3897 482 3949 Il.
501 3898 559 3967 Μ,
578 3898 605 3952 5.
623 3900 756 3963 Legautnr
776 3897 810 3948 ad
829 3895 858 3949 h.
876 3895 898 3950 l.
909 3897 937 3946 iu
948 3895 1070 3962 primis,
1089 3911 1160 3962 qun

207 3994 316 4048 notavit
340 3993 420 4050 Cous.
444 3999 471 4050 J.
488 3999 518 4052 Ρ.
540 3999 573 4050 de
596 3999 745 4066 Frentum,
768 3998 838 4050 otu.
854 3995 927 4047 Juris
944 3995 978 4046 ad
992 3994 1079 4064 quaed.
1096 3991 1166 4062 Nep.

208 4097 264 4148 loca
282 4096 308 4146 iu
328 4096 377 4146 sr'ea
396 4095 448 4148 Ate.
467 4097 496 4152 t.
514 4098 545 4149 B.
565 4098 649 4166 1823,
669 4117 698 4166 p.
715 4100 743 4150 6.
761 4114 821 4164 sqq.
