3042 5146
657 612 698 676 65

225 794 285 859 lius
317 792 460 870 volebat,
493 790 552 853 nisi
580 789 679 856 Attici
705 790 888 856 sententiam
908 789 1038 858 haberet
1066 761 1172 882 explo-

226 926 324 978 ratam
340 929 367 978 ι.
411 907 486 974 Voti
503 920 606 972 tamen
627 931 754 998 compos
778 909 888 976 Cicero
908 911 1008 978 faetus
1027 927 1175 992 nonest,

224 1029 311 1120 quod
333 1028 527 1116 temporibus
549 1029 659 1117 procul
684 1029 781 1094 dubio
798 1044 842 1095 est
853 1033 1057 1099 tribuendum
1068 1047 1100 1099 et
1113 1033 1173 1100 dt·

225 1151 281 1215 tici
311 1149 440 1214 consilio
456 1153 485 1217 ².
545 1145 693 1213 Ceterum
726 1173 838 1239 magno
864 1151 1028 1218 destitutus
1058 1154 1174 1218 auxilio

224 1272 287 1338 fuit
305 1271 429 1336 adversi
450 1269 547 1335 attici
568 1270 768 1349 valetudine,
793 1272 848 1359 qui
860 1319 870 1350 ,
900 1272 950 1337 rix
971 1272 1099 1338 domum
1121 1294 1176 1337 re-

225 1415 328 1458 versus
342 1393 396 1472 ,in
419 1403 602 1480 quartanam
613 1391 767 1456 inciderat
782 1397 794 1434 ³
808 1441 817 1471 ,
836 1407 871 1458 ut
884 1395 1044 1482 ‚quamvis
1054 1392 1175 1484 alioqui
1189 1443 1191 1448 -

226 1535 359 1601 oorpore
378 1510 581 1590 fortissimus,
604 1533 727 1599 prorsus
748 1511 944 1581 laboraret&
976 1515 1073 1580 Paulo
1104 1528 1174 1604 post

226 1649 258 1702 et
274 1635 353 1700 Pilia
369 1635 402 1698 in
424 1633 507 1698 idern
530 1655 626 1721 genus
646 1635 749 1699 morbi
779 1634 1003 1701 dilabebatur⁵
1036 1650 1069 1700 et
1099 1634 1177 1700 alius

228 1769 356 1822 naturae
378 1754 505 1818 morbus
524 1750 630 1818 Attico
650 1753 735 1819 haud
754 1776 866 1841 parum
888 1755 1046 1820 molestiae
1073 1757 1176 1844 parie-

197 1924 199 1929 -
228 1875 336 1959 bati,
372 1896 451 1962 quae
479 1872 641 1962 utriusque
665 1873 826 1962 aegritudo
847 1896 908 1938 non
929 1873 988 1938 nisi
1020 1887 1090 1962 post
1120 1896 1176 1939 no·

228 2019 297 2062 rem
330 1996 485 2061 mensium
516 1994 699 2081 languorem
732 1992 860 2058 cessarit
877 1995 904 2058 ⁷.
963 1992 1024 2058 Sed
1055 1993 1103 2058 rel
1133 1993 1179 2057 sio

268 2235 277 2268 ¹
318 2241 367 2306 up.
386 2243 413 2292 6.
431 2241 444 2308 5
463 2240 492 2307 d.

264 2332 277 2366 ²
316 2341 376 2392 un.
395 2340 440 2391 rx.
458 2329 550 2405 splr.
570 2340 584 2406 5·
603 2341 643 2403 5,
662 2341 732 2390 um:
752 2343 813 2392 «ne
832 2341 976 2408 triumpho
1012 2343 1065 2394 una
1088 2359 1179 2394 assen-

227 2441 300 2490 tior:
320 2457 402 2504 quem
423 2438 537 2504 quidem
557 2443 644 2487 totum
668 2437 749 2488 facile
765 2445 792 2488 et
808 2438 927 2490 libenter
944 2440 1079 2510 abjecero.
1093 2463 1106 2490 a

268 2530 278 2562 ³
318 2541 369 2605 Ep·
385 2542 409 2590 9.
429 2538 443 2606 5
464 2541 486 2588 l.

270 2627 281 2662 '¹
319 2635 657 2705 urb.v11.up.2.§t.

267 2731 278 2765 ⁵
318 2739 411 2807 sps.
430 2740 486 2807 51.

269 2843 283 2876 ⁸
320 2841 381 2892 Lib.
397 2841 426 2889 X.
445 2841 495 2907 Ep.
513 2842 631 2909 10.53.

267 2929 280 2990 ,⁷
320 2942 368 3006 Ep.
388 2940 432 2993 15.
451 2943 465 3010 5
484 2939 586 3008 4;Ερ.
605 2942 647 2992 16.
667 2939 774 3010 561.;
793 2941 841 3007 Ep.
869 2945 912 2996 17.
939 2941 999 3011 59.
1041 2943 1094 2994 Hoc
1121 2943 1180 2995 loco

228 3040 322 3104 paucis
340 3038 506 3091 vindicanda
525 3040 636 3106 Nepotis
661 3040 727 3090 fides
756 3047 848 3092 contra
877 3042 1022 3109 Heldinm,
1053 3045 1103 3110 qui
1122 3045 1143 3098 1.
1161 3043 1185 3097 Ι.

228 3159 256 3198 Ρ.
273 3144 307 3196 39
326 3161 368 3210 sq.
387 3151 526 3193 auctorem
545 3141 630 3193 Attici
651 3142 725 3193 vitae
742 3147 885 3208 increpat,
906 3145 980 3208 quod
997 3163 1021 3194 e.
1041 3143 1110 3199 xxl.
1131 3150 1146 3214 5
1167 3151 1180 3195 1

227 3251 342 3308 narrat,
361 3244 540 3308 Pomponium
559 3243 593 3293 ad
614 3249 730 3292 mortem
752 3260 837 3309 usque
856 3255 922 3294 tauta
937 3248 1094 3314 prosperitate
1112 3265 1180 3295 usum

220 3346 307 3405 suasae
339 3343 508 3405 valetudinis,
539 3351 566 3390 ut
589 3361 663 3391 annos
691 3344 791 3407 triginta
809 3342 930 3391 medicina
948 3359 998 3391 nort
1012 3343 1158 3406 indiguisset
1168 3379 1178 3406 ,

227 3458 314 3509 quum
332 3459 347 3492 e
363 3439 431 3490 loeis
449 3440 530 3490 modo
549 3439 641 3490 allatis
659 3447 770 3507 pateat,
791 3441 914 3491 Atticum
927 3440 1000 3490 febri
1010 3440 1092 3492 valde
1103 3438 1181 3494 labo-

230 3559 313 3593 rasse.
349 3542 382 3590 Et
399 3541 509 3592 omnino
528 3538 582 3590 fuit
600 3539 651 3589 hoc
672 3556 742 3590 anno
763 3539 820 3590 sere
850 3538 1093 3604 septimodecimo
1121 3549 1182 3592 anto
1222 3511 1224 3524 Ι

229 3640 291 3710 ejus
309 3641 437 3704 obitum,
457 3645 488 3689 ut
502 3639 705 3705 quodammodo
724 3637 814 3702 frangi
836 3639 945 3703 Nepotis
960 3637 1024 3689 fides
1044 3640 1182 3691 videatur.

230 3742 328 3790 Contra
350 3744 455 3790 constat
476 3735 582 3788 febrem
605 3734 744 3804 ejusmodi
765 3753 820 3787 esso
843 3737 994 3798 morbum,
1024 3744 1070 3786 cui
1093 3736 1182 3787 medi·

228 3839 336 3890 camina
353 3853 453 3902 parum
469 3843 584 3901 prosunt
612 3840 639 3884 et
668 3833 822 3900 antiquitus
851 3833 935 3884 etiam
959 3852 1040 3901 parce
1061 3835 1181 3887 adbibe-

229 3943 341 3991 bantur.
378 3936 428 3986 Sed
448 3942 588 4002 praeterea
611 3934 760 3997 novimus,
783 3932 906 3984 Atticum
924 3934 1093 4001 prudentii,
1113 3936 1182 3988 dili·

231 4039 339 4105 gentia,
358 4033 539 4103 temperanti&
552 4034 581 4085 in
598 4033 719 4100 primis,
738 4040 797 4084 tum
817 4050 882 4087 vero
900 4033 1067 4100 ambulando
1078 4051 1180 4099 ungen-

1047 4134 1065 4189 5
