3042 5146
690 597 732 658 97

225 779 305 844 risus
318 789 365 845 est
379 825 388 855 ,
401 797 496 864 quem
508 786 539 838 et
553 771 699 839 Ciceroni
711 785 742 838 ct
755 774 852 838 Bruto
865 773 1086 839 amicissimum
1099 795 1162 838 esse
1178 843 1189 874 ‚

144 977 152 996 Ι
224 897 329 987 palam
350 909 416 964 erat
437 907 560 963 notum.
599 896 641 962 Ut
660 895 799 983 primum
823 894 917 984 igitur
928 893 1098 961 Triumviri
1120 896 1185 960 tto-

226 1039 310 1083 mam
321 1015 488 1081 adventare
507 1015 755 1095 nuntiabantur,
782 1015 904 1081 Atticus
915 1015 955 1081 de
976 1015 1044 1079 soro
1056 1014 1186 1081 decessit
1288 1075 1292 1082 .

225 1107 320 1224 seque
344 1133 428 1222 apud
460 1135 496 1204 P.
530 1134 734 1200 Volumnium
762 1155 833 1197 cum
866 1134 903 1216 Q.
938 1132 1040 1200 Gellio
1071 1131 1180 1213 Cano,

225 1255 351 1344 aequali
371 1254 595 1343 simillimoque
625 1253 693 1332 sui,
718 1252 914 1320 abscondidit
932 1254 1086 1343 latuitque
1115 1268 1181 1320 tam

227 1347 304 1456 diu,
330 1374 433 1465 quoad
456 1375 630 1452 Antonius,
658 1375 763 1438 multis
794 1370 1010 1452 hortantibus,
1035 1376 1102 1462 ejus
1132 1375 1181 1440 of·

226 1495 292 1560 ficii
310 1496 370 1560 fuit
394 1515 515 1560 memor
536 1507 568 1560 et
581 1543 592 1574 ,
616 1495 746 1560 detectis
776 1495 924 1574 latebris,
948 1497 1002 1560 sud
1021 1497 1052 1560 ei
1085 1519 1181 1562 manu

229 1619 373 1708 scripsit,
424 1640 462 1682 ne
495 1619 620 1682 timeret
647 1617 814 1706 statimque
847 1616 885 1681 ad
915 1639 946 1682 se
978 1616 1118 1684 reniret:
1151 1640 1181 1681 se

228 1760 323 1816 eum,
348 1749 380 1802 et
401 1736 484 1802 illius
506 1739 597 1802 cousi
623 1733 767 1817 (lenum,
791 1735 830 1802 de
856 1738 1101 1826 proscriptorum
1123 1763 1182 1806 nu·

227 1880 314 1923 mero
336 1858 496 1928 exemisse.
544 1860 634 1942 Quod
655 1873 761 1925 autern
783 1875 879 1927 noctu
907 1863 939 1925 id
957 1863 1072 1940 fiebat,
1097 1863 1182 1928 misit

227 1978 258 2047 ei
283 1979 436 2044 Antonius
448 1980 661 2068 praesidium,
687 2004 750 2070 quo
772 1983 812 2046 ab
831 1984 917 2048 omni
938 1984 1052 2072 injuria
1075 1998 1106 2050 et
1127 2008 1185 2073 pe·

228 2101 330 2166 riculo
351 2114 435 2180 tutus
455 2103 538 2168 crire
560 2115 661 2191 posset
678 2105 706 2168 ¹.
788 2169 791 2176 ,

272 2225 321 2290 lto
338 2225 452 2290 merito
471 2247 526 2288 suo
549 2225 671 2292 Atticus
683 2237 812 2313 propter
832 2248 890 2304 en,
916 2249 1016 2315 quae,
1036 2227 1186 2316 despera·

228 2345 267 2410 tis
289 2369 414 2435 prorsus
437 2346 530 2411 rebus
543 2393 553 2423 ,
566 2346 599 2408 in
623 2346 752 2412 Antonii
772 2346 901 2410 domurn
916 2347 1110 2426 contulerat,
1129 2347 1186 2411 be·

229 2467 340 2531 neficia
375 2479 407 2532 et
439 2466 504 2554 ipse
525 2465 584 2530 sibi
606 2479 637 2531 et
660 2466 761 2530 arnico
783 2465 912 2532 salutem
943 2469 1074 2555 paravit.
1123 2468 1186 2532 Ve-

227 2588 403 2652 rumonim
428 2607 500 2654 rero
524 2611 679 2653 coneum
703 2589 843 2654 Atticum
866 2588 982 2670 luisse,
1005 2590 1061 2679 qui
1082 2590 1184 2680 ipsum

227 2709 355 2776 evasisse
378 2711 448 2775 satis
471 2708 628 2788 haberet,
659 2710 791 2775 aliarum
822 2710 953 2774 salutem
993 2710 1185 2798 negligeret,

227 2829 274 2896 his
298 2854 423 2921 quoque
440 2829 699 2919 splendidissimis
711 2828 858 2916 exemplis
876 2829 1043 2917 apparuit,
1072 2852 1185 2919 quern·

206 2951 397 3024 ,admodum
442 2976 458 3016 a
508 2953 631 3040 Nepote
686 2952 847 3017 docemur.
916 2950 1037 3040 Souleji
1076 2952 1182 3031 enim,

227 3076 373 3163 Equitis.
394 3075 551 3154 Romani,
609 3075 721 3139 intimai
753 3074 783 3138 ei
809 3072 1022 3138 familiaritate
1053 3075 1185 3161 conjun-

223 3183 293 3275 cti,
328 3216 425 3285 quum
456 3195 605 3284 pretiosas
629 3194 661 3257 in
686 3193 776 3258 Italia
790 3194 992 3280 possessiones
1012 3191 1181 3257 Triumviri

225 3314 454 3391 vendidissent,
473 3315 597 3380 Atticus
618 3313 707 3377 soliti
728 3311 992 3376 sudindustriaiac
1013 3311 1119 3377 labore
1143 3315 1182 3377 ab

226 3437 364 3502 Antonio
375 3434 556 3523 impetrarit
573 3482 582 3512 ,
605 3443 641 3496 ut
660 3432 690 3496 iu
701 3443 831 3520 paterna
857 3429 909 3496 ille
926 3432 1007 3496 bona
1024 3433 1112 3498 brevi
1134 3457 1185 3499 re·

225 3557 417 3626 stitueretur.
449 3556 560 3624 Simile
582 3555 722 3621 officium
747 3554 853 3620 'Attico
878 3569 1041 3644 acceptum
1072 3557 1183 3624 debuit

225 3689 318 3770 poeto
334 3731 343 3762 ,
367 3682 496 3747 aliunde
517 3680 607 3746 nobis
629 3700 690 3744 non
702 3676 843 3766 cognitus
855 3725 864 3758 ,
878 3677 915 3745 L.
928 3677 1032 3743 Julius
1046 3676 1183 3748 Oulidus.

225 3798 273 3879 Is,
286 3823 382 3888 quum
395 3814 465 3890 post
475 3802 739 3891 proscriptionem
753 3798 905 3888 Equitum
917 3812 1047 3888 propter
1058 3823 1184 3891 magnas

264 4061 275 4096 ¹
314 4068 399 4135 Nepos
421 4089 446 4122 c.
468 4070 581 4143 ΜΣ),
606 4074 628 4138 lp·
