2970 5144
330 539 352 583 X

249 677 252 682 Ι
321 721 360 758 me
376 700 432 756 sibi
450 701 491 755 ita
506 697 651 768 devinxit,
674 707 776 754 utnon
795 697 935 766 baberent,
964 715 1080 773 quocum
1105 703 1195 773 nucjor
1215 702 1285 758 mibi

318 818 387 867 esset
421 807 607 875 voluntatum,
648 807 803 866 studiorum
839 808 1090 883 servandarumque
1127 811 1282 866 consensio.

318 917 379 974 Hic
394 919 453 993 ipse
466 916 538 988 dies,
560 925 591 972 nt
610 917 738 991 optinet,
760 915 934 973 Beaerenum
960 918 1033 989 (nom
1053 915 1125 972 bunc
1142 916 1283 974 mediocre

308 1023 399 1099 facile
422 1026 615 1101 suspicamini)
642 1043 742 1082 nucum
771 1023 808 1080 ad
833 1041 950 1080 summos
979 1025 1119 1080 euenisset
1136 1024 1168 1079 in
1187 1024 1280 1082 literis

319 1133 462 1195 bonores;
500 1132 550 1189 sed
571 1151 646 1189 mors
674 1129 856 1188 inexorabilis
879 1131 985 1188 nostris
1012 1131 1085 1186 cotis
1118 1133 1283 1190 interuenit.

318 1240 432 1318 lingent
447 1249 582 1316 parentes
605 1240 766 1317 cognatique
779 1236 877 1310 filiurn
892 1239 1069 1315 fratremque
1085 1239 1282 1310 carissimum,

317 1347 472 1407 Academia
497 1348 635 1416 alunnum
656 1367 742 1404 unum
768 1349 799 1403 in
820 1348 923 1423 paucis
952 1347 1091 1403 eximium.
1150 1346 1194 1404 Ac
1217 1347 1280 1405 nola

320 1457 355 1512 V
351 1476 381 1514 os
397 1456 447 1514 diu
470 1458 552 1515 tristi
576 1457 630 1514 ‘icoc
648 1476 714 1514 casu
740 1465 841 1512 tenere.
885 1453 1020 1531 Plerique
1038 1457 1172 1528 juvenem
1199 1458 1282 1513 nosi-

317 1568 389 1636 stc's,
404 1564 533 1644 plerique
560 1567 622 1638 ejus
648 1566 680 1620 in
698 1562 791 1620 literis
808 1569 837 1620 et
849 1561 1032 1639 pbilosophis
1049 1561 1205 1620 excolendis
1223 1581 1280 1620 ms-

317 1677 375 1732 rita
399 1674 477 1731 baud
501 1672 599 1732 ultimo
624 1671 681 1730 loco
705 1672 858 1748 posuistis.
902 1670 1009 1728 Eadem
1038 1672 1136 1748 quanti
1151 1671 1279 1747 fecerint

322 1783 483 1842 Clarissimi
506 1785 568 1856 ejm
594 1781 813 1857 Praeceptores,
846 1783 904 1856 apsi
924 1780 1020 1858 polam
1038 1781 1167 1856 professi
1192 1790 1278 1853 ment,

316 1912 412 1969 quum,
444 1890 573 1948 lectiones
601 1909 667 1946 suas
696 1890 907 1957 instauraturi,
939 1889 1094 1945 memoriam
1112 1890 1175 1945 cari
1191 1890 1279 1946 disci·

310 1999 380 2076 puli
396 1997 542 2075 laudesque
559 2016 611 2101 sun
628 1997 741 2072 quisque
761 1997 885 2053 aratione
902 1993 1081 2054 celebrarent.
1110 1995 1186 2054 Sane
1201 1997 1279 2074 rige-

319 2108 359 2164 bit
386 2104 448 2171 ille,
480 2105 602 2183 quamvis
626 2111 770 2174 mortu-us,
799 2104 906 2160 nostris
930 2104 1051 2161 omnium
1080 2105 1199 2175 animis,
1230 2123 1282 2162 nec

318 2215 378 2274 dies
406 2213 485 2270 nobis
508 2220 619 2289 grutam
646 2214 709 2285 ejus
746 2212 901 2268 memoriam
939 2211 1047 2269 delebit.
1106 2212 1169 2269 Nos
1194 2232 1277 2284 nero,
1325 2185 1332 2194 ι

324 2319 549 2378 Gommilitones!
581 2320 678 2396 quibus
702 2319 794 2378 adbuc
812 2321 877 2395 sati
904 2321 947 2376 cis
965 2321 1112 2397 pepercit,
1126 2338 1280 2398 pergamus

318 2432 470 2488 amicitiam·
487 2428 584 2489 colere.
627 2431 790 2490 Jucnndam
805 2431 1047 2503 consuetudineru,
1079 2451 1146 2509 quae
1174 2432 1278 2490 Vobis-

319 2557 380 2597 cum
407 2539 478 2603 mibi
504 2540 679 2608 intercessit,
709 2559 743 2596 ne
772 2548 877 2596 mutent
894 2547 1034 2617 tempora,
1056 2539 1106 2598 sed
1127 2539 1281 2599 stabilitate

319 2657 350 2704 ut
367 2650 459 2726 uigeat
475 2657 631 2725 crescatque
646 2647 751 2718 eundo,
777 2667 885 2724 urrerem
898 2648 1001 2709 demus.

399 3015 514 3092 Scripsi
535 3035 689 3072 rsuram
707 3037 748 3074 uo
769 3036 905 3076 eunucu

378 3143 411 3182 u.
433 3123 518 3198 Mcq'o
536 3145 566 3182 u.
584 3124 935 3184 ,auaaafflt'llu
