3042 5146
675 577 735 639 iii

226 759 383 850 dictorum
415 753 678 842 discrepantiam,v
715 755 785 819 istas
819 755 858 820 de
889 756 986 820 tutet
1017 755 1180 845 negliqenP

226 879 271 943 tia
305 876 445 966 querelas
477 869 584 940 mirari
614 876 721 942 desine
738 881 765 944 ¹.
814 877 937 944 Atticus
971 879 1056 945 certe
1080 894 1183 946 auen.-

157 982 163 998 '
224 999 274 1065 dit
308 997 516 1086 iubentesque
548 997 626 1062 adeo
655 998 775 1062 acerbis
795 999 889 1063 amici
910 999 1182 1074 criminationibus

224 1122 356 1212 ignorit.
405 1119 493 1205 Quod
516 1115 714 1208 splendidum
738 1121 842 1184 denuo
864 1121 992 1209 praebet
1013 1122 1181 1209 uobisejus

226 1241 429 1310 humanitatis
459 1237 636 1331 exemplum
669 1237 821 1330 gratoque
842 1241 946 1305 animo
973 1265 991 1304 a
1014 1241 1120 1305 Tullio
1136 1255 1180 1307 est

226 1380 404 1454 accepturu.
454 1363 578 1448 «Quod
599 1386 651 1428 rna
668 1376 782 1429 retas»
793 1413 803 1442 ,
828 1362 953 1452 inquit,
978 1386 999 1426 <r
1011 1365 1182 1453 quidquam

225 1486 374 1575 suspicari
409 1485 555 1551 accidisse
581 1485 622 1549 ad
644 1486 785 1550 animum
810 1499 921 1564 tuum,
947 1485 1032 1575 quod
1054 1509 1140 1554 secus
1162 1509 1180 1550 a

224 1630 276 1673 rue
296 1628 368 1695 erga
390 1619 420 1672 te
440 1605 638 1671 commissum
660 1617 713 1671 aut
732 1605 983 1693 praetermissum
1007 1607 1185 1687 rideretur,

225 1751 330 1818 geram
353 1728 413 1792 tibi
437 1725 556 1792 morem
581 1737 612 1790 et
632 1725 789 1791 liberabor
808 1727 864 1790 istri
881 1728 976 1792 curri:
1005 1727 1064 1792 tibi
1077 1739 1181 1792 tamen

225 1877 263 1918 eo
286 1851 355 1941 plus
380 1849 527 1927 debebo,
552 1871 615 1938 quo
638 1859 689 1912 tua
711 1846 742 1910 in
765 1869 815 1910 me
834 1845 1183 1916 hnmanitasfueriren

224 1973 333 2038 celsior
348 2025 351 2032 .
366 1993 462 2061 quem
485 1969 568 2034 inte
589 1991 658 2033 meu
670 1991 690 2033 >›
706 1972 735 2036 ².
784 1965 947 2039 Adduntur
970 1965 1075 2043 bisce,
1100 1990 1181 2056 quae

176 2069 180 2085 Ι
222 2107 292 2184 post
313 2093 451 2158 reditum
474 2091 538 2181 ipre
564 2088 675 2155 Cicero
695 2089 734 2153 de
753 2088 851 2154 Attici
871 2087 903 2152 in
922 2111 953 2153 se
973 2087 1084 2154 collata
1106 2099 1182 2178 opn-

193 2239 201 2248 ·
222 2235 281 2294 ra,
316 2212 443 2289 studio,
469 2211 652 2299 diligentia,
677 2211 784 2275 lnbore
810 2212 944 2300 ingenue
968 2219 1098 2276 testatur
1111 2221 1133 2289 ‚'
1147 2224 1181 2276 ut

220 2335 262 2398 de
283 2332 437 2398 constanti
457 2332 622 2421 Pomponii
631 2335 706 2419 'erga
717 2330 855 2397 Tullium
867 2333 929 2398 fide
942 2334 1178 2400 omnednbiurn
1201 2399 1207 2412 s

223 2452 351 2520 tollatur
368 2457 396 2520 ³.

268 2575 354 2639 Haec
390 2573 486 2662 igitur
510 2572 547 2638 nd
570 2575 711 2640 Atticum
739 2590 847 2643 contra
873 2577 981 2666 iniqua
1003 2591 1181 2650 commento

224 2696 448 2764 uindicandum
469 2697 541 2762 satis
563 2710 665 2764 sunto.
691 2695 773 2781 Quid
791 2697 823 2760 iu
850 2695 1084 2776 Triumuiratu,
1109 2719 1183 2786 pror

222 2820 338 2907 scripto
371 2819 411 2882 ab
444 2818 581 2882 Antonio
606 2816 780 2896 Cicerone,
805 2817 900 2905 egisse
923 2815 1092 2883 existimari
1110 2819 1183 2905 jure

222 2939 359 3015 debeat,
386 2938 462 3002 alibi
485 2939 658 3028 expositum
683 2952 741 3008 est.
788 2938 902 3029 Neque
924 2939 1098 3029 quidquem
1125 2941 1184 3006 At.-

223 3060 279 3125 tici
313 3058 387 3134 fidei
422 3073 517 3148 atque
541 3059 669 3124 candori
695 3061 817 3138 obstat,
842 3061 1028 3149 etquidem
1054 3063 1180 3141 retunt,

222 3181 304 3270 quod
338 3180 458 3268 saepius
493 3179 603 3245 cedern
628 3191 771 3269 ternpore
794 3180 938 3270 piurimis
961 3182 1019 3247 sibi
1046 3181 1181 3253 invicern

222 3304 444 3380 inimicissimis
469 3303 522 3369 itte
547 3303 663 3376 amicus
688 3303 814 3369 exstitit.
863 3303 934 3369 Non
956 3303 1182 3370 bincstatue'ne

261 3536 270 3568 ¹
310 3547 443 3599 bialedinn
473 3547 560 3599 Tullii
595 3550 623 3600 iu
653 3547 831 3602 Hortensium
851 3550 1104 3618 verbn,cujusin
1123 3549 1184 3616 pri,-

221 3649 275 3698 mis
302 3649 425 3700 invidiae
455 3650 528 3701 mala
547 3668 594 3700 sua
615 3651 734 3712 tribuit,
759 3649 854 3700 eedem
873 3651 978 3702 ratione
996 3648 1180 3716 explicantem

219 3751 300 3803 rideo
319 3753 396 3804 Doct.
414 3753 522 3819 Lu'zuc,
540 3755 604 3825 disp·
621 3753 652 3803 de
671 3755 701 3816 Q.
719 3753 874 3815 Hortensio,
893 3769 919 3817 p.
934 3750 984 3804 153
996 3748 1082 3817 sq.Cf
1103 3751 1183 3812 biaut

221 3849 323 3915 galtius
342 3851 377 3902 nd
396 3853 457 3903 Lib.
475 3851 534 3905 111.
551 3853 600 3919 Ep.
619 3854 636 3904 9
652 3849 742 3921 (rom.
762 3847 804 3904 lt.
820 3868 848 3917 p.
869 3848 902 3916 44
922 3848 988 3922 sq).

259 3955 272 3989 ²
315 3949 657 4020 uib.111.1tp.2o.§3.

263 4043 277 4090 =³
315 4051 376 4112 uu
395 4048 447 4112 rv.
464 4053 515 4119 n·
535 4057 560 4116 1..
580 4051 593 4121 r
613 4058 637 4116 ,1-
