3042 5146
659 618 699 678 77

243 792 377 860 ¹Ilerieto
393 791 569 881 'Pompejo,
593 793 644 857 cui
655 804 760 881 aperte
772 792 908 871 laverat,
935 790 1065 872 Gicero,
1083 797 1154 882 jure

202 920 370 997 sollicitus,
408 939 470 1006 quo
501 917 604 982 auimo
633 917 671 982 de
707 919 774 1006 ipso
798 915 908 982 Caesar
929 916 1158 985 existimaturum

197 1050 302 1116 esset,
327 1036 486 1108 Brundisii
507 1039 694 1104 commorari
715 1038 846 1118 maluit,
870 1039 1160 1128 donecdetgranui

202 1157 361 1223 voluntate
381 1158 495 1223 certior
517 1159 617 1226 fuctus
640 1158 733 1227 foret.
779 1145 896 1250 Iniqua
916 1161 1045 1250 quidem
1064 1162 1160 1228 Tullii

203 1277 338 1346 maxima
366 1299 400 1344 re
433 1279 649 1346 constituenda
677 1278 839 1368 singularis
861 1282 923 1348 fuit
945 1283 1048 1349 denuo
1067 1285 1161 1349 Pom·

203 1400 292 1490 ponii
312 1398 500 1485 diligentia.
548 1397 596 1463 Ile
627 1401 694 1487 ejus
714 1399 850 1465 convivis
872 1401 1003 1490 plurimi
1025 1402 1162 1468 Caesaris

203 1521 344 1610 partibus
355 1531 443 1584 eraut
466 1518 584 1586 addicti
600 1517 711 1598 ,multi
724 1522 819 1585 etiam
836 1521 1002 1586 familiares
1024 1520 1159 1591 Caesari.

204 1639 328 1706 Perbos
340 1662 411 1710 suos.
432 1640 597 1718 convivas,
622 1640 756 1706 Balbum
774 1641 806 1705 in
828 1629 939 1729 primis
957 1655 988 1708 et
999 1640 1160 1732 Oppium,

206 1764 329 1830 Atticus
361 1764 485 1828 efficere
517 1762 600 1853 apud
622 1759 783 1833 Caesarem
805 1761 943 1842 studuit,
970 1776 1004 1828 ut
1029 1763 1082 1828 hic
1106 1761 1161 1828 Gi·
1236 1773 1239 1786 '

205 1884 327 1951 ceronis
352 1883 538 1972 dignitatem
558 1883 584 1947 si
606 1903 717 1972 augere
740 1880 860 1960 nollet,
886 1893 1020 1947 atcerte
1040 1902 1163 1945 conser-

205 2017 291 2070 varet
308 2007 336 2073 ¹.
383 2004 469 2071 ttios
491 2001 688 2070 Caesarianos
711 2001 835 2068 Atticus
855 2023 912 2090 per
935 2001 1039 2066 literas
1061 2002 1163 2066 ambi·

206 2127 278 2206 bat,
306 2139 361 2204 ut,
382 2146 439 2214 pro
461 2146 548 2227 more
567 2122 664 2190 reteri
675 2171 685 2203 ,
698 2122 812 2210 quibus
823 2121 883 2211 ipsi
903 2121 1084 2199 videretur,
1110 2120 1163 2186 ct-

207 2245 327 2313 ceronis
357 2245 495 2334 nomine
532 2243 677 2333 epistolas
711 2245 943 2323 conscriberet,
979 2246 1093 2333 quibus
1123 2246 1163 2310 ad

207 2367 291 2442 illius
319 2387 443 2432 eausam
474 2363 734 2454 propugnandam
754 2363 1029 2430 exhortarentnr2.
1054 2364 1166 2452 Itaque

208 2488 332 2556 Atticus
364 2509 422 2577 sua
449 2484 613 2552 sedulitate
645 2496 739 2574 atque
762 2484 978 2550 benevolentia
1011 2484 1043 2549 id
1057 2487 1165 2573 jama

208 2611 336 2679 (laesere
348 2611 566 2701 impetraverat
577 2620 632 2687 ,ut
642 2607 816 2674 edictorum
830 2655 839 2684 ,
851 2605 964 2695 quibus
977 2627 1038 2670 non
1050 2606 1165 2672 licebat

206 2731 404 2821 Pompejanis
425 2753 488 2798 esse
510 2729 544 2794 iu
563 2728 678 2807 ltalia,
703 2728 761 2792 nisi
785 2747 921 2817 quorum
943 2747 1066 2790 causam
1087 2723 1167 2790 Gae-

205 2877 254 2919 sar
285 2852 477 2942 cognovisset
511 2862 564 2916 aut
596 2849 636 2915 de
670 2850 784 2937 quibus
805 2847 997 2937 scripsisset,
1022 2846 1164 2936 exceptio

206 2969 392 3037 nominatim
414 2971 447 3034 in
468 2966 618 3036 Cicerone
636 2968 726 3032 fieret
741 2972 772 3037 ³.
820 2963 900 3032 (lum
923 2964 1026 3056 Oppio
1039 2979 1166 3043 autem,
1206 2947 1210 2952 ’

208 3067 348 3161 Antonio
370 3091 502 3180 aliisque
526 3091 570 3154 ita
592 3090 727 3180 perrexit
750 3110 841 3177 agere
856 3091 894 3163 ⁴.
919 3099 954 3151 ut
978 3086 1111 3151 Romam
1130 3106 1168 3148 eo

208 3231 350 3305 tempore
382 3214 560 3302 relinquere
593 3235 655 3277 non
679 3210 774 3276 fuerit
794 3229 906 3286 ausus,
930 3229 970 3271 ne
993 3228 1086 3294 quam
1108 3205 1167 3268 im·
1204 3249 1207 3257 a

207 3352 343 3430 portuno
372 3337 505 3401 discessu
537 3333 707 3422 negligeret
728 3330 775 3396 rei
795 3328 955 3394 Tullianae
977 3345 1168 3412 componen-

214 3462 273 3527 dae
300 3459 521 3527 oocasioucm⁵
559 3475 637 3521 nere
669 3477 686 3518 a
716 3446 862 3518 Terentia
893 3445 1058 3536 Tulliaque
1079 3465 1169 3512 suum

248 3669 258 3702 ¹
297 3670 357 3722 Lib.
375 3668 422 3720 Xl.
440 3670 491 3735 Ep.
508 3665 691 3735 6.§3;np.
712 3662 888 3730 7.§5;np.
907 3663 932 3713 8.

247 3767 258 3800 ²
299 3770 350 3834 Ep·
365 3767 392 3821 5.
410 3767 423 3836 5
443 3768 477 3832 33
496 3766 544 3832 Ep.
564 3766 590 3817 7.
609 3759 622 3828 §
641 3767 677 3827 7,
695 3761 777 3818 alibi.

216 3865 218 3868 ’
248 3859 259 3891 ³
299 3865 467 3934 np.9.§t.

249 3958 259 3992 ⁴
299 3963 484 4032 Ep,18.§2.

247 4054 259 4088 ⁵
299 4061 466 4130 np.7.§5.
