3042 5146
844 623 887 685 ttt

384 814 531 880 nasetur,
556 801 676 890 quippe
695 821 789 888 quem
803 802 964 866 observare
994 814 1117 866 tautum
1145 827 1163 866 a
1192 805 1348 870 servitute

386 925 525 1003 abesset,
572 936 606 990 ut
647 922 699 990 hic
729 924 835 1012 potius
873 921 1019 988 Ciceroni
1050 945 1103 989 sua
1121 923 1348 1011 ..obseruantia

385 1044 497 1110 servire
525 1043 589 1110 dici
615 1056 717 1133 posset
734 1047 763 1112 ¹.
812 1044 922 1133 ltaque
939 1044 1039 1111 Attici
1059 1045 1199 1110 consiliis
1219 1058 1252 1110 et
1264 1068 1347 1136 ope·

386 1188 437 1230 rae
459 1165 571 1255 procul
591 1164 690 1231 dubio
716 1162 813 1230 tribui
835 1165 950 1244 debet,
976 1177 1011 1230 ut
1022 1166 1172 1232 naturalis
1188 1164 1341 1237 „Caesaris

385 1307 456 1374 erga
480 1284 663 1352 Ciceronem
689 1285 904 1351 benevolentia
924 1297 1018 1375 atque
1039 1287 1217 1352 aestimatio
1248 1299 1343 1352 aucta

385 1407 510 1494 altaque
541 1407 660 1487 luerit,
695 1407 792 1473 tribui
827 1407 897 1473 ideo
927 1431 1069 1496 maguam
1104 1379 1225 1497 partem
1256 1409 1343 1474 vitae

381 1530 589 1619 tranquillitas
608 1531 747 1619 itemque
765 1529 913 1594 securitas
939 1529 1054 1607 dehet,
1090 1552 1152 1618 qua
1166 1531 1230 1595 lrui
1250 1552 1327 1618 pro·

383 1662 454 1737 pter
478 1648 613 1716 Caesaris
643 1649 816 1714 amicitiam
837 1648 946 1712 diebus
966 1647 1029 1713 illis
1063 1645 1209 1712 Ciceroni
1233 1649 1340 1717 licuit.

429 1769 573 1851 Atticus,
599 1792 670 1836 rure
691 1772 756 1836 fere
775 1771 889 1860 degens
903 1785 935 1836 at
947 1771 1106 1864 ,quamvis
1128 1771 1194 1859 ipse
1215 1773 1340 1856 ἀκηδίᾳ

381 1892 514 1982 quadam
537 1893 685 1971 affectus,
705 1893 816 1957 moesti
839 1890 998 1958 Ciceronis
1019 1893 1160 1958 animum
1181 1913 1326 1980 praeseus

382 2013 477 2077 etiam
500 2031 641 2078 recreare
665 2009 747 2076 haud
769 2011 912 2078 desinens
929 2018 968 2091 ²,
994 2035 1137 2102 magnam
1165 2011 1227 2078 hoc
1257 2027 1342 2080 teus·

381 2153 543 2220 poserem
574 2131 657 2220 egit,
692 2154 785 2223 quam
816 2135 967 2223 posterius
1000 2133 1130 2224 quidem
1161 2135 1339 2202 confectam

379 2250 441 2319 hoc
457 2264 562 2317 tamen
579 2251 648 2317 loco
663 2254 770 2340 paucis
792 2275 964 2320 memorare
980 2257 1083 2344 juvat.
1120 2231 1337 2334 Natam‘sibi,

382 2388 417 2440 nt
428 2375 530 2440 obiter
541 2375 817 2443 animadvertimus
832 2427 841 2458 ,
867 2400 884 2442 c
897 2377 975 2443 Pilia
987 2377 1098 2444 habuit
1110 2378 1316 2467 Pomponiam
1329 2429 1338 2458 ,

382 2495 421 2560 de
453 2507 541 2582 patre
575 2496 711 2564 Atticam
758 2519 883 2588 quoque
916 2511 946 2563 et
978 2497 1146 2566 Caeciliam
1179 2511 1334 2582 vocatam,

380 2615 468 2680 lianc
491 2615 615 2682 circiter
638 2623 736 2682 octo³
762 2641 856 2684 anuos
876 2632 981 2683 natam
999 2620 1127 2686 filiolam
1147 2621 1186 2685 de
1210 2621 1331 2709 vulgari

416 2931 425 2965 ¹
467 2931 516 2996 Ep.
534 2927 580 2994 49.
600 2934 615 2998 p
633 2932 649 2981 l
669 2933 689 2978 f.

414 3028 425 3060 ²
465 3028 525 3079 tib.
553 3028 614 3080 llll.
642 3030 691 3097 Ep.
717 3028 765 3097 483
799 3030 856 3082 Lib.
887 3027 969 3079 lllll.
1000 3029 1051 3095 Ep.
1081 3032 1117 3094 83
1144 3030 1195 3094 Ep.
1213 3032 1241 3080 9.
1260 3033 1275 3097 p
1296 3034 1333 3094 13

376 3132 426 3194 Ep·
444 3123 488 3192 45.
509 3127 571 3196 51.
1314 3157 1317 3164 ⁴

414 3219 425 3252 ³
465 3226 543 3278 Idem
578 3229 675 3280 statuit
709 3227 873 3293 ttongattius
899 3231 933 3280 ad
953 3230 1012 3280 Lib.
1030 3227 1104 3280 XIII.
1122 3231 1173 3296 Ep.
1190 3232 1224 3282 21
1242 3229 1334 3300 (Tom-

373 3328 409 3381 V·
435 3348 465 3397 p.
492 3326 572 3396 524),
599 3328 804 3396 quitameniu
823 3344 975 3398 enarrasse
994 3329 1128 3392 videtur,
1147 3329 1332 3395 quodnotam

375 3431 494 3481 Atticum
518 3430 658 3480 existimat
675 3425 803 3480 Cicerone
823 3431 851 3480 iu
871 3429 967 3481 Cilicia
985 3431 1110 3484 absente.
1148 3430 1225 3482 Idem
1243 3439 1333 3482 causet

372 3531 528 3583 Tunstallua
546 3551 575 3599 p.
593 3533 654 3584 203.
689 3529 741 3582 Sed
753 3529 919 3582 alterutrum
931 3538 1039 3582 tautum
1056 3565 1065 3592 ‚
1080 3533 1214 3598 temporis
1227 3533 1332 3583 ratione

373 3627 491 3694 habiti,
521 3648 618 3684 verum
642 3645 697 3682 esse
715 3637 813 3697 potest.
852 3630 904 3682 lllu
924 3634 997 3683 enim
1017 3631 1137 3700 Epistola
1157 3633 1256 3699 scripta
1277 3632 1332 3682 fuit

372 3750 411 3785 m.
436 3735 508 3787 Sext.
535 3733 567 3784 A.
595 3731 625 3781 U.
643 3734 672 3782 C.
690 3731 976 3795 709,1‘roconsulatu
996 3739 1088 3784 autem
1108 3729 1202 3786 Cicero
1221 3731 1330 3782 functus

371 3841 410 3884 est
438 3837 471 3885 A.
495 3813 528 3885 U.
558 3829 588 3884 C.
613 3832 675 3886 703.
720 3831 747 3882 Si
766 3831 855 3896 igitur
874 3838 934 3882 tum
953 3837 1016 3882 nata
1036 3830 1134 3882 fuisset
1152 3833 1265 3895 Attica,
1283 3831 1329 3883 vix

369 3939 475 3984 sextum
506 3934 602 3984 aetatis
626 3947 727 3982 aunum
746 3931 890 3996 attigisset.
927 3929 1053 3996 Verum,
1071 3929 1139 3984 licet
1158 3929 1252 3984 Cicero
1271 3931 1331 3986 tib,

370 4031 407 4087 V.
435 4037 485 4101 Ep.
510 4037 552 4086 19.
570 4035 585 4101 p
605 4036 640 4100 2,
659 4042 773 4086 exeunte
791 4037 865 4102 Sept·
884 4037 933 4090 703
953 4035 1040 4100 datt,
1059 4053 1114 4101 quo
1132 4034 1189 4088 lere
1206 4041 1328 4102 tompore

365 4142 427 4186 unta
441 4134 523 4184 luisse
537 4135 666 4184 assoritur
675 4168 686 4201 ‚
704 4136 742 4186 aic
753 4136 864 4186 scribam
877 4134 1027 4186 «Filiolam
1043 4144 1118 4187 tuam
1135 4134 1188 4188 tibi
1201 4134 1262 4204 jam
1275 4135 1327 4184 Ro-
