3042 5140
686 589 760 661 Ι201

241 707 252 806 l*
293 764 393 832 XXV.
419 763 519 855 ligo,
545 770 579 828 si
602 753 781 855 pompejus
800 778 911 831 munet
941 773 977 832 iu
1005 770 1117 839 Italic
1147 797 1205 840 uec

250 911 304 954 res
327 889 377 953 ccl
378 893 568 978 pactionem
579 895 689 968 verrit,
712 890 850 980 lougius
870 891 987 954 bellum
1001 903 1088 980 pulo
1101 898 1203 983 sore:

246 1012 300 1072 sin
312 1008 457 1094 Italiam
470 1010 649 1093 relinquit,
674 1009 723 1072 cd
723 1015 898 1095 posterum
916 1009 1034 1073 bellum
1045 1013 1204 1080 ἄσπονδον

247 1137 338 1196 strui
354 1134 521 1197 existimo.
576 1132 607 1219 [ᾗ
630 1131 676 1218 5.]
698 1130 777 1195 lists
798 1131 859 1196 fuit
882 1129 915 1198 d.
938 1131 994 1198 VI.
1019 1132 1089 1196 Kal.
1107 1134 1201 1201 Febr.

246 1250 349 1316 Verba
371 1250 422 1314 ccl
439 1260 614 1339 posterum
636 1250 768 1316 delendo
799 1249 1005 1331 Schuetzius,
1051 1256 1200 1321 mutando

245 1393 317 1436 oum
347 1370 421 1437 Asc.
455 1391 504 1459 pr.
527 1368 560 1432 in
593 1371 643 1434 ud
666 1357 1043 1457 postremumvssrellius
1071 1376 1201 1440 censuit.

245 1491 410 1558 Probanda
429 1490 506 1556 haec
538 1491 632 1557 lectio
653 1491 830 1570 videretur,
855 1491 881 1554 si
911 1491 1009 1579 ipsius
1044 1491 1201 1558 Ciceronis

245 1623 344 1678 essent
361 1611 475 1690 serbc5
503 1627 613 1687 nuno‚'
644 1609 788 1696 quamvis
818 1607 941 1674 insolito
970 1609 1010 1674 sit
1041 1611 1199 1690 formula,

243 1736 366 1825 vulgata
386 1733 646 1822 acquiescendum
665 1743 786 1820 putem.

291 1853 409 1924 XXVI.
434 1855 514 1944 ligo
546 1853 679 1939 qnirlem
718 1851 781 1915 tibi
810 1873 875 1916 uon
903 1855 968 1920 sim
998 1861 1136 1930 auctor,
1169 1857 1203 1918 si

244 1976 423 2065 Pompeius
446 1972 586 2040 Italiam
613 1973 789 2056 relinquit,
814 1981 845 2035 le
867 1993 986 2058 quoque
998 1975 1199 2063 profugere.

245 2095 377 2163 Summo
389 2099 473 2160 enim
483 2095 641 2183 periculo
651 2094 769 2177 facies
785 2115 843 2158 rsec
862 2094 1068 2181 reipublicae
1086 2095 1199 2184 procl-
1301 2122 1306 2129 ·

243 2224 333 2294 eris;
368 2223 424 2283 cui
450 2217 583 2304 quidem
608 2219 782 2302 posterius
792 2219 928 2304 poteris
950 2213 1136 2303 prodesse,
1169 2223 1203 2282 si

243 2344 420 2408 manseris.
474 2339 507 2426 [I.
534 2337 570 2424 1.]
599 2338 677 2402 uoto
699 2337 731 2404 d.
758 2338 830 2404 VII.
854 2340 904 2406 Id.
928 2341 1024 2414 Febr.
1047 2339 1098 2410 Gt.
1126 2341 1199 2410 Lib.

242 2463 316 2531 vll.
337 2463 400 2552 Ep.
422 2466 477 2529 23.
495 2467 513 2549 ς
535 2465 566 2526 2.

287 2583 422 2652 XXVII.
453 2581 550 2668 Quod
562 2584 696 2667 qrcutris
716 2604 739 2644 u
758 2602 830 2658 me,
846 2581 1015 2669 firgumnc
1025 2580 1138 2666 fidum
1154 2603 1201 2670 uu

242 2727 369 2772 morum
390 2701 607 2770 deserendam
630 2701 800 2764 utiliorem
820 2709 959 2786 putem:
983 2719 1141 2786 egerere
1162 2704 1198 2763 iu

238 2827 434 2915 praesentia
457 2823 599 2886 subitum
620 2821 801 2884 discessum
825 2829 856 2882 ct
873 2821 1099 2907 praecipitem
1110 2841 1197 2907 pro-

242 2947 418 3024 fectionem
443 2965 537 3028 orrum
559 2943 623 3006 lili
650 2951 718 3005 lum
752 2945 823 3028 ipsi
848 2944 959 3008 Gnaeo
986 2941 1137 3004 inutilem
1170 2951 1200 3005 et

232 3065 461 3154 periculosum
468 3070 552 3150 puto
574 3069 605 3124 el
626 3065 738 3124 salius
760 3081 832 3123 esse
851 3064 1030 3138 existimo,
1055 3063 1200 3126 uosdis-

233 3187 383 3271 perlitos
403 3190 434 3245 et
456 3186 492 3246 in
513 3182 659 3270 speculis
679 3201 761 3251 esse.
809 3178 901 3259 Sed,
925 3181 1052 3245 medius
1065 3182 1199 3268 fidius,

242 3300 339 3392 trumo
358 3305 452 3368 uobis
465 3312 551 3391 pulo
579 3323 650 3365 csse
684 3302 725 3365 de
746 3303 842 3392 fugo
878 3305 1041 3390 cogitare.
1095 3303 1125 3388 [§
1150 3303 1198 3388 6.]

241 3425 375 3493 Bata-d.
398 3425 460 3493 III.
485 3426 536 3494 Id.
558 3426 653 3493 Febr.
683 3426 814 3491 Initium
837 3425 897 3490 Ioci
920 3426 1064 3491 omnibus
1097 3427 1199 3490 Inter-

239 3547 381 3634 pretibus
399 3557 577 3636 suspectum
589 3545 689 3611 visum
704 3569 713 3627 ;
741 3546 825 3616 unde
837 3544 890 3610 ulii
903 3544 963 3610 clia
983 3545 1197 3612 substituenda

239 3679 400 3757 putarunt.
434 3665 590 3755 Equidem
611 3687 717 3730 sunam
739 3687 802 3730 esse
823 3665 1009 3744 lectionem,
1035 3665 1198 3730 invitistot

240 3791 370 3858 eruditis
389 3790 546 3879 ingeniis,
570 3765 758 3855 contendere
778 3812 841 3855 non
862 3789 984 3867 susim3
1011 3787 1063 3854 ssd
1076 3787 1197 3878 vulgata

242 3925 344 3976 temen
366 3933 428 3976 nou
449 3924 511 3976 tam
531 3911 673 4001 ineptum
697 3934 818 3977 sensum
841 3909 990 4000 exhihere
1010 3909 1091 3976 mihi
1111 3911 1198 3976 vide·

240 4043 313 4114 tur,
328 4056 422 4122 quum
436 4031 565 4122 plurimi
577 4034 752 4101 voluerunt.
778 4033 847 4098 Hoc
857 4033 942 4100 'euim
956 4031 1067 4099 Cicero
1079 4031 1198 4120 signifi·
