<?xml version="1.0" encoding="UTF-8"?>
<!DOCTYPE html PUBLIC "-//W3C//DTD XHTML 1.0 Transitional//EN"
    "http://www.w3.org/TR/xhtml1/DTD/xhtml1-transitional.dtd">
<html xmlns="http://www.w3.org/1999/xhtml" xml:lang="en" lang="en">
 <head>
  <title>
</title>
<meta http-equiv="Content-Type" content="text/html;charset=utf-8" />
  <meta name='ocr-system' content='tesseract 3.04.00' />
  <meta name='ocr-capabilities' content='ocr_page ocr_carea ocr_par ocr_line ocrx_word'/>
</head>
<body>
  <div class='ocr_page' id='page_1' title='image "./diatribeintpomp00hullgoog_0205.png"; bbox 0 0 3042 5140; ppageno 0'>
   <div class='ocr_carea' id='block_1_1' title="bbox 777 550 839 612">
    <p class='ocr_par' dir='ltr' id='par_1_1' title="bbox 777 550 839 612">
     <span class='ocr_line' id='line_1_1' title="bbox 777 550 839 612; baseline -0.032 0"><span class='ocrx_word' id='word_1_1' title='bbox 777 550 839 612; x_wconf 80' lang='lat'><strong>184</strong></span> 
     </span>
    </p>
   </div>
   <div class='ocr_carea' id='block_1_2' title="bbox 239 726 1292 2516">
    <p class='ocr_par' dir='ltr' id='par_1_2' title="bbox 239 726 1292 2516">
     <span class='ocr_line' id='line_1_2' title="bbox 335 726 1286 816; baseline -0.003 -22"><span class='ocrx_word' id='word_1_2' title='bbox 335 729 412 794; x_wconf 92' lang='lat' dir='ltr'><strong>illud</strong></span> <span class='ocrx_word' id='word_1_3' title='bbox 427 729 530 795; x_wconf 78' lang='lat' dir='ltr'><strong>Attico</strong></span> <span class='ocrx_word' id='word_1_4' title='bbox 541 729 635 795; x_wconf 88' lang='lat' dir='ltr'><strong>etiam</strong></span> <span class='ocrx_word' id='word_1_5' title='bbox 647 726 884 794; x_wconf 83' lang='lat' dir='ltr'><strong>demandaverat</strong></span> <span class='ocrx_word' id='word_1_6' title='bbox 898 777 907 808; x_wconf 95' lang='lat'><strong>,</strong></span> <span class='ocrx_word' id='word_1_7' title='bbox 932 726 987 816; x_wconf 91' lang='lat' dir='ltr'><strong>qui</strong></span> <span class='ocrx_word' id='word_1_8' title='bbox 1000 773 1010 805; x_wconf 91' lang='lat'>‚</span> <span class='ocrx_word' id='word_1_9' title='bbox 1035 726 1126 790; x_wconf 89' lang='lat' dir='ltr'><strong>amici</strong></span> <span class='ocrx_word' id='word_1_10' title='bbox 1139 728 1286 814; x_wconf 88' lang='lat' dir='ltr'><strong>precibus</strong></span> 
     </span>
     <span class='ocr_line' id='line_1_3' title="bbox 239 849 1284 936; baseline 0 -22"><span class='ocrx_word' id='word_1_11' title='bbox 239 873 247 886; x_wconf 94' lang='lat'><strong>·</strong></span> <span class='ocrx_word' id='word_1_12' title='bbox 336 850 437 915; x_wconf 92' lang='lat' dir='ltr'><strong>amice</strong></span> <span class='ocrx_word' id='word_1_13' title='bbox 467 850 674 930; x_wconf 73' lang='lat' dir='ltr'><strong>satisfaciens,</strong></span> <span class='ocrx_word' id='word_1_14' title='bbox 710 850 819 915; x_wconf 89' lang='lat' dir='ltr'><strong>eodem</strong></span> <span class='ocrx_word' id='word_1_15' title='bbox 850 850 914 914; x_wconf 87' lang='lat' dir='ltr'><strong>lere</strong></span> <span class='ocrx_word' id='word_1_16' title='bbox 949 853 1115 936; x_wconf 89' lang='lat' dir='ltr'><strong>temporel</strong></span> <span class='ocrx_word' id='word_1_17' title='bbox 1149 849 1284 915; x_wconf 85' lang='lat' dir='ltr'><strong>similem</strong></span> 
     </span>
     <span class='ocr_line' id='line_1_4' title="bbox 333 972 1284 1052; baseline 0.003 -18"><span class='ocrx_word' id='word_1_18' title='bbox 333 973 593 1052; x_wconf 84' lang='lat' dir='ltr'><strong>commentarium</strong></span> <span class='ocrx_word' id='word_1_19' title='bbox 625 973 770 1040; x_wconf 79' lang='lat' dir='ltr'><strong>exaravit.</strong></span> <span class='ocrx_word' id='word_1_20' title='bbox 818 972 914 1038; x_wconf 86' lang='lat' dir='ltr'><strong>Periit</strong></span> <span class='ocrx_word' id='word_1_21' title='bbox 945 983 1049 1036; x_wconf 88' lang='lat' dir='ltr'><strong>autem</strong></span> <span class='ocrx_word' id='word_1_22' title='bbox 1071 972 1158 1037; x_wconf 91' lang='lat' dir='ltr'><strong>nobis</strong></span> <span class='ocrx_word' id='word_1_23' title='bbox 1181 983 1284 1037; x_wconf 89' lang='lat' dir='ltr'><strong>totum</strong></span> 
     </span>
     <span class='ocr_line' id='line_1_5' title="bbox 335 1092 1284 1182; baseline -0.001 -25"><span class='ocrx_word' id='word_1_24' title='bbox 335 1115 436 1182; x_wconf 89' lang='lat' dir='ltr'><strong>opus,</strong></span> <span class='ocrx_word' id='word_1_25' title='bbox 471 1107 505 1158; x_wconf 92' lang='lat' dir='ltr'><strong>ut</strong></span> <span class='ocrx_word' id='word_1_26' title='bbox 537 1116 576 1158; x_wconf 92' lang='lat' dir='ltr'><strong>ne</strong></span> <span class='ocrx_word' id='word_1_27' title='bbox 602 1093 730 1160; x_wconf 84' lang='lat' dir='ltr'><strong>verbum</strong></span> <span class='ocrx_word' id='word_1_28' title='bbox 752 1092 879 1180; x_wconf 90' lang='lat' dir='ltr'><strong>quidem</strong></span> <span class='ocrx_word' id='word_1_29' title='bbox 900 1093 965 1180; x_wconf 89' lang='lat' dir='ltr'><strong>ejus</strong></span> <span class='ocrx_word' id='word_1_30' title='bbox 985 1092 1021 1157; x_wconf 90' lang='lat' dir='ltr'><strong>ad</strong></span> <span class='ocrx_word' id='word_1_31' title='bbox 1041 1105 1177 1158; x_wconf 84' lang='lat' dir='ltr'><strong>nostram</strong></span> <span class='ocrx_word' id='word_1_32' title='bbox 1199 1093 1284 1158; x_wconf 92' lang='lat' dir='ltr'><strong>noti-</strong></span> 
     </span>
     <span class='ocr_line' id='line_1_6' title="bbox 334 1210 1285 1301; baseline 0 -23"><span class='ocrx_word' id='word_1_33' title='bbox 334 1213 409 1282; x_wconf 88' lang='lat' dir='ltr'><strong>tiam</strong></span> <span class='ocrx_word' id='word_1_34' title='bbox 437 1213 624 1301; x_wconf 73' lang='lat' dir='ltr'><strong>pervenerit.</strong></span> <span class='ocrx_word' id='word_1_35' title='bbox 672 1212 777 1276; x_wconf 76' lang='lat' dir='ltr'><strong>Exstat</strong></span> <span class='ocrx_word' id='word_1_36' title='bbox 794 1233 866 1275; x_wconf 83' lang='lat' dir='ltr'><strong>vero</strong></span> <span class='ocrx_word' id='word_1_37' title='bbox 887 1212 984 1300; x_wconf 89' lang='lat' dir='ltr'><strong>ipsius</strong></span> <span class='ocrx_word' id='word_1_38' title='bbox 1007 1210 1164 1279; x_wconf 89' lang='lat' dir='ltr'><strong>Ciceronis</strong></span> <span class='ocrx_word' id='word_1_39' title='bbox 1187 1212 1226 1277; x_wconf 87' lang='lat' dir='ltr'><strong>dc</strong></span> <span class='ocrx_word' id='word_1_40' title='bbox 1246 1235 1285 1278; x_wconf 90' lang='lat' dir='ltr'><strong>eo</strong></span> 
     </span>
     <span class='ocr_line' id='line_1_7' title="bbox 326 1332 1287 1425; baseline 0.003 -27"><span class='ocrx_word' id='word_1_41' title='bbox 326 1332 511 1422; x_wconf 82' lang='lat' dir='ltr'><strong>judicium,</strong></span> <span class='ocrx_word' id='word_1_42' title='bbox 547 1355 609 1421; x_wconf 89' lang='lat' dir='ltr'><strong>quo</strong></span> <span class='ocrx_word' id='word_1_43' title='bbox 638 1332 842 1399; x_wconf 92' lang='lat' dir='ltr'><strong>adscribendo</strong></span> <span class='ocrx_word' id='word_1_44' title='bbox 876 1335 1001 1414; x_wconf 91' lang='lat' dir='ltr'><strong>omnia,</strong></span> <span class='ocrx_word' id='word_1_45' title='bbox 1036 1358 1115 1424; x_wconf 91' lang='lat' dir='ltr'><strong>quac</strong></span> <span class='ocrx_word' id='word_1_46' title='bbox 1150 1335 1189 1400; x_wconf 88' lang='lat' dir='ltr'><strong>de</strong></span> <span class='ocrx_word' id='word_1_47' title='bbox 1219 1338 1287 1425; x_wconf 91' lang='lat' dir='ltr'><strong>ejus</strong></span> 
     </span>
     <span class='ocr_line' id='line_1_8' title="bbox 336 1452 1288 1543; baseline 0.004 -27"><span class='ocrx_word' id='word_1_48' title='bbox 336 1452 524 1542; x_wconf 76' lang='lat' dir='ltr'><strong>praestantia</strong></span> <span class='ocrx_word' id='word_1_49' title='bbox 566 1452 709 1540; x_wconf 79' lang='lat' dir='ltr'><strong>cognosci</strong></span> <span class='ocrx_word' id='word_1_50' title='bbox 751 1466 900 1543; x_wconf 87' lang='lat' dir='ltr'><strong>possunt,</strong></span> <span class='ocrx_word' id='word_1_51' title='bbox 942 1455 1103 1524; x_wconf 86' lang='lat' dir='ltr'><strong>tradimus.</strong></span> <span class='ocrx_word' id='word_1_52' title='bbox 1175 1458 1288 1522; x_wconf 86' lang='lat' dir='ltr'><strong>«Puer</strong></span> 
     </span>
     <span class='ocr_line' id='line_1_9' title="bbox 338 1575 1287 1655; baseline 0.002 -16"><span class='ocrx_word' id='word_1_53' title='bbox 338 1586 465 1655; x_wconf 86' lang='lat' dir='ltr'><strong>tuus»,</strong></span> <span class='ocrx_word' id='word_1_54' title='bbox 498 1575 564 1655; x_wconf 83' lang='lat' dir='ltr'><strong>ait,</strong></span> <span class='ocrx_word' id='word_1_55' title='bbox 596 1575 707 1639; x_wconf 85' lang='lat' dir='ltr'><strong>«mihi</strong></span> <span class='ocrx_word' id='word_1_56' title='bbox 725 1576 828 1641; x_wconf 88' lang='lat' dir='ltr'><strong>literas</strong></span> <span class='ocrx_word' id='word_1_57' title='bbox 849 1577 902 1640; x_wconf 90' lang='lat' dir='ltr'><strong>abs</strong></span> <span class='ocrx_word' id='word_1_58' title='bbox 925 1590 955 1642; x_wconf 91' lang='lat' dir='ltr'><strong>te</strong></span> <span class='ocrx_word' id='word_1_59' title='bbox 977 1589 1009 1641; x_wconf 89' lang='lat' dir='ltr'><strong>et</strong></span> <span class='ocrx_word' id='word_1_60' title='bbox 1027 1576 1287 1642; x_wconf 85' lang='lat' dir='ltr'><strong>commentarium</strong></span> 
     </span>
     <span class='ocr_line' id='line_1_10' title="bbox 339 1693 1291 1785; baseline 0.001 -24"><span class='ocrx_word' id='word_1_61' title='bbox 339 1693 521 1762; x_wconf 79' lang='lat' dir='ltr'><strong>Consulatus</strong></span> <span class='ocrx_word' id='word_1_62' title='bbox 555 1697 618 1764; x_wconf 86' lang='lat' dir='ltr'><strong>mei</strong></span> <span class='ocrx_word' id='word_1_63' title='bbox 650 1697 767 1762; x_wconf 86' lang='lat' dir='ltr'><strong>Graece</strong></span> <span class='ocrx_word' id='word_1_64' title='bbox 801 1697 950 1785; x_wconf 89' lang='lat' dir='ltr'><strong>scriptum</strong></span> <span class='ocrx_word' id='word_1_65' title='bbox 972 1695 1122 1764; x_wconf 83' lang='lat' dir='ltr'><strong>reddidit.</strong></span> <span class='ocrx_word' id='word_1_66' title='bbox 1168 1699 1206 1762; x_wconf 95' lang='lat' dir='ltr'><strong>ln</strong></span> <span class='ocrx_word' id='word_1_67' title='bbox 1225 1720 1291 1785; x_wconf 91' lang='lat' dir='ltr'><strong>quo</strong></span> 
     </span>
     <span class='ocr_line' id='line_1_11' title="bbox 338 1817 1290 1907; baseline -0.006 -19"><span class='ocrx_word' id='word_1_68' title='bbox 338 1818 482 1888; x_wconf 88' lang='lat' dir='ltr'><strong>laetatus·</strong></span> <span class='ocrx_word' id='word_1_69' title='bbox 500 1841 591 1898; x_wconf 90' lang='lat' dir='ltr'><strong>sum,</strong></span> <span class='ocrx_word' id='word_1_70' title='bbox 624 1840 676 1884; x_wconf 91' lang='lat' dir='ltr'><strong>me</strong></span> <span class='ocrx_word' id='word_1_71' title='bbox 708 1818 867 1907; x_wconf 89' lang='lat' dir='ltr'><strong>aliquanto</strong></span> <span class='ocrx_word' id='word_1_72' title='bbox 898 1830 971 1882; x_wconf 89' lang='lat' dir='ltr'><strong>ante</strong></span> <span class='ocrx_word' id='word_1_73' title='bbox 1003 1817 1042 1882; x_wconf 91' lang='lat' dir='ltr'><strong>de</strong></span> <span class='ocrx_word' id='word_1_74' title='bbox 1064 1817 1174 1900; x_wconf 76' lang='lat' dir='ltr'><strong>iisdem</strong></span> <span class='ocrx_word' id='word_1_75' title='bbox 1195 1818 1290 1882; x_wconf 91' lang='lat' dir='ltr'><strong>rebus</strong></span> 
     </span>
     <span class='ocr_line' id='line_1_12' title="bbox 340 1938 1290 2032; baseline -0.004 -22"><span class='ocrx_word' id='word_1_76' title='bbox 340 1943 459 2010; x_wconf 83' lang='lat' dir='ltr'><strong>Graece</strong></span> <span class='ocrx_word' id='word_1_77' title='bbox 478 1944 553 2010; x_wconf 90' lang='lat' dir='ltr'><strong>item</strong></span> <span class='ocrx_word' id='word_1_78' title='bbox 576 1943 727 2032; x_wconf 88' lang='lat' dir='ltr'><strong>scriptum</strong></span> <span class='ocrx_word' id='word_1_79' title='bbox 748 1942 864 2010; x_wconf 92' lang='lat' dir='ltr'><strong>librum</strong></span> <span class='ocrx_word' id='word_1_80' title='bbox 887 1942 925 2010; x_wconf 82' lang='lat' dir='ltr'><strong>L.</strong></span> <span class='ocrx_word' id='word_1_81' title='bbox 953 1938 1092 2007; x_wconf 82' lang='lat' dir='ltr'><strong>Cossinio</strong></span> <span class='ocrx_word' id='word_1_82' title='bbox 1114 1943 1152 2007; x_wconf 91' lang='lat' dir='ltr'><strong>ad</strong></span> <span class='ocrx_word' id='word_1_83' title='bbox 1175 1955 1205 2008; x_wconf 89' lang='lat' dir='ltr'><strong>te</strong></span> <span class='ocrx_word' id='word_1_84' title='bbox 1217 1965 1290 2032; x_wconf 82' lang='lat' dir='ltr'><strong>per-</strong></span> 
     </span>
     <span class='ocr_line' id='line_1_13' title="bbox 338 2063 1291 2152; baseline 0 -24"><span class='ocrx_word' id='word_1_85' title='bbox 338 2064 503 2130; x_wconf 88' lang='lat' dir='ltr'><strong>ferendum</strong></span> <span class='ocrx_word' id='word_1_86' title='bbox 524 2064 655 2135; x_wconf 86' lang='lat' dir='ltr'><strong>dedisse.</strong></span> <span class='ocrx_word' id='word_1_87' title='bbox 702 2064 804 2141; x_wconf 84' lang='lat' dir='ltr'><strong>Nam,</strong></span> <span class='ocrx_word' id='word_1_88' title='bbox 829 2064 854 2127; x_wconf 91' lang='lat' dir='ltr'><strong>si</strong></span> <span class='ocrx_word' id='word_1_89' title='bbox 876 2085 932 2151; x_wconf 76' lang='lat' dir='ltr'><strong>ego</strong></span> <span class='ocrx_word' id='word_1_90' title='bbox 947 2075 1034 2128; x_wconf 89' lang='lat' dir='ltr'><strong>tuum</strong></span> <span class='ocrx_word' id='word_1_91' title='bbox 1048 2075 1119 2128; x_wconf 90' lang='lat' dir='ltr'><strong>ante</strong></span> <span class='ocrx_word' id='word_1_92' title='bbox 1131 2063 1291 2152; x_wconf 71' lang='lat' dir='ltr'><strong>legissem,</strong></span> 
     </span>
     <span class='ocr_line' id='line_1_14' title="bbox 340 2184 1292 2275; baseline 0.001 -27"><span class='ocrx_word' id='word_1_93' title='bbox 340 2185 477 2251; x_wconf 89' lang='lat' dir='ltr'><strong>furatum</strong></span> <span class='ocrx_word' id='word_1_94' title='bbox 515 2206 566 2250; x_wconf 90' lang='lat' dir='ltr'><strong>me</strong></span> <span class='ocrx_word' id='word_1_95' title='bbox 599 2186 652 2250; x_wconf 92' lang='lat' dir='ltr'><strong>abs</strong></span> <span class='ocrx_word' id='word_1_96' title='bbox 683 2198 713 2250; x_wconf 90' lang='lat' dir='ltr'><strong>tc</strong></span> <span class='ocrx_word' id='word_1_97' title='bbox 746 2207 810 2250; x_wconf 87' lang='lat' dir='ltr'><strong>esse</strong></span> <span class='ocrx_word' id='word_1_98' title='bbox 842 2184 971 2254; x_wconf 90' lang='lat' dir='ltr'><strong>diceres.</strong></span> <span class='ocrx_word' id='word_1_99' title='bbox 1021 2186 1212 2275; x_wconf 76' lang='lat' dir='ltr'><strong>Quamquam</strong></span> <span class='ocrx_word' id='word_1_100' title='bbox 1236 2199 1292 2250; x_wconf 90' lang='lat' dir='ltr'><strong>tun</strong></span> 
     </span>
     <span class='ocr_line' id='line_1_15' title="bbox 338 2306 1291 2396; baseline -0.003 -23"><span class='ocrx_word' id='word_1_101' title='bbox 338 2308 392 2374; x_wconf 91' lang='lat' dir='ltr'><strong>illa</strong></span> <span class='ocrx_word' id='word_1_102' title='bbox 417 2346 459 2360; x_wconf 93' lang='lat'><strong>--</strong></span> <span class='ocrx_word' id='word_1_103' title='bbox 484 2306 545 2396; x_wconf 77' lang='lat' dir='ltr'><strong>legi</strong></span> <span class='ocrx_word' id='word_1_104' title='bbox 575 2307 660 2374; x_wconf 92' lang='lat' dir='ltr'><strong>enim</strong></span> <span class='ocrx_word' id='word_1_105' title='bbox 693 2307 826 2374; x_wconf 88' lang='lat' dir='ltr'><strong>libenter</strong></span> <span class='ocrx_word' id='word_1_106' title='bbox 850 2342 889 2354; x_wconf 94' lang='lat'>—</span> <span class='ocrx_word' id='word_1_107' title='bbox 910 2307 1073 2372; x_wconf 90' lang='lat' dir='ltr'><strong>horridula</strong></span> <span class='ocrx_word' id='word_1_108' title='bbox 1096 2306 1175 2372; x_wconf 89' lang='lat' dir='ltr'><strong>mihi</strong></span> <span class='ocrx_word' id='word_1_109' title='bbox 1196 2319 1291 2395; x_wconf 89' lang='lat' dir='ltr'><strong>atque</strong></span> 
     </span>
     <span class='ocr_line' id='line_1_16' title="bbox 341 2426 1287 2516; baseline 0.002 -26"><span class='ocrx_word' id='word_1_110' title='bbox 341 2428 501 2516; x_wconf 87' lang='lat' dir='ltr'><strong>incompta</strong></span> <span class='ocrx_word' id='word_1_111' title='bbox 535 2426 596 2493; x_wconf 89' lang='lat' dir='ltr'><strong>risa</strong></span> <span class='ocrx_word' id='word_1_112' title='bbox 631 2442 720 2498; x_wconf 90' lang='lat' dir='ltr'><strong>sunt:</strong></span> <span class='ocrx_word' id='word_1_113' title='bbox 759 2429 811 2495; x_wconf 92' lang='lat' dir='ltr'><strong>sed</strong></span> <span class='ocrx_word' id='word_1_114' title='bbox 845 2441 947 2494; x_wconf 88' lang='lat' dir='ltr'><strong>tamen</strong></span> <span class='ocrx_word' id='word_1_115' title='bbox 979 2440 1066 2493; x_wconf 90' lang='lat' dir='ltr'><strong>erant</strong></span> <span class='ocrx_word' id='word_1_116' title='bbox 1099 2441 1205 2493; x_wconf 88' lang='lat' dir='ltr'><strong>ornata</strong></span> <span class='ocrx_word' id='word_1_117' title='bbox 1225 2427 1287 2492; x_wconf 92' lang='lat' dir='ltr'><strong>hoc</strong></span> 
     </span>
    </p>
   </div>
   <div class='ocr_carea' id='block_1_3' title="bbox 339 2548 1289 2639">
    <p class='ocr_par' dir='ltr' id='par_1_3' title="bbox 339 2548 1289 2639">
     <span class='ocr_line' id='line_1_17' title="bbox 339 2548 1289 2639; baseline -0.004 -21"><span class='ocrx_word' id='word_1_118' title='bbox 339 2553 429 2639; x_wconf 82' lang='lat' dir='ltr'><strong>ipso,</strong></span> <span class='ocrx_word' id='word_1_119' title='bbox 454 2550 538 2639; x_wconf 91' lang='lat' dir='ltr'><strong>qnod</strong></span> <span class='ocrx_word' id='word_1_120' title='bbox 558 2564 737 2616; x_wconf 87' lang='lat' dir='ltr'><strong>ornamenta</strong></span> <span class='ocrx_word' id='word_1_121' title='bbox 749 2549 967 2638; x_wconf 66' lang='lat' dir='ltr'><strong>neglexerant,</strong></span> <span class='ocrx_word' id='word_1_122' title='bbox 987 2563 1027 2616; x_wconf 89' lang='lat' dir='ltr'><strong>et</strong></span> <span class='ocrx_word' id='word_1_123' title='bbox 1040 2599 1050 2629; x_wconf 90' lang='lat'><strong>,</strong></span> <span class='ocrx_word' id='word_1_124' title='bbox 1076 2562 1111 2615; x_wconf 90' lang='lat' dir='ltr'><strong>ut</strong></span> <span class='ocrx_word' id='word_1_125' title='bbox 1123 2548 1289 2627; x_wconf 89' lang='lat' dir='ltr'><strong>mulieres,</strong></span> 
     </span>
    </p>
   </div>
   <div class='ocr_carea' id='block_1_4' title="bbox 338 2670 1291 3249">
    <p class='ocr_par' dir='ltr' id='par_1_4' title="bbox 338 2670 1291 3249">
     <span class='ocr_line' id='line_1_18' title="bbox 338 2670 1289 2761; baseline 0.001 -26"><span class='ocrx_word' id='word_1_126' title='bbox 338 2671 410 2735; x_wconf 89' lang='lat' dir='ltr'><strong>ideo</strong></span> <span class='ocrx_word' id='word_1_127' title='bbox 428 2671 508 2736; x_wconf 89' lang='lat' dir='ltr'><strong>bene</strong></span> <span class='ocrx_word' id='word_1_128' title='bbox 530 2670 634 2752; x_wconf 88' lang='lat' dir='ltr'><strong>olere,</strong></span> <span class='ocrx_word' id='word_1_129' title='bbox 659 2671 731 2761; x_wconf 92' lang='lat' dir='ltr'><strong>quia</strong></span> <span class='ocrx_word' id='word_1_130' title='bbox 755 2670 836 2735; x_wconf 93' lang='lat' dir='ltr'><strong>nihil</strong></span> <span class='ocrx_word' id='word_1_131' title='bbox 853 2671 997 2749; x_wconf 90' lang='lat' dir='ltr'><strong>olebant,</strong></span> <span class='ocrx_word' id='word_1_132' title='bbox 1025 2670 1243 2735; x_wconf 89' lang='lat' dir='ltr'><strong>ridebantur»</strong></span> <span class='ocrx_word' id='word_1_133' title='bbox 1259 2675 1289 2736; x_wconf 79' lang='lat'><strong>².</strong></span> 
     </span>
     <span class='ocr_line' id='line_1_19' title="bbox 341 2791 1286 2881; baseline -0.005 -23"><span class='ocrx_word' id='word_1_134' title='bbox 341 2791 485 2881; x_wconf 90' lang='lat' dir='ltr'><strong>Simplici</strong></span> <span class='ocrx_word' id='word_1_135' title='bbox 514 2793 610 2880; x_wconf 78' lang='lat' dir='ltr'><strong>igitur</strong></span> <span class='ocrx_word' id='word_1_136' title='bbox 632 2815 689 2858; x_wconf 93' lang='lat' dir='ltr'><strong>nec</strong></span> <span class='ocrx_word' id='word_1_137' title='bbox 711 2794 816 2856; x_wconf 84' lang='lat' dir='ltr'><strong>fucato</strong></span> <span class='ocrx_word' id='word_1_138' title='bbox 837 2793 898 2857; x_wconf 89' lang='lat' dir='ltr'><strong>luit</strong></span> <span class='ocrx_word' id='word_1_139' title='bbox 919 2791 1045 2856; x_wconf 91' lang='lat' dir='ltr'><strong>dicendi</strong></span> <span class='ocrx_word' id='word_1_140' title='bbox 1067 2813 1178 2879; x_wconf 81' lang='lat' dir='ltr'><strong>genere</strong></span> <span class='ocrx_word' id='word_1_141' title='bbox 1196 2812 1286 2870; x_wconf 90' lang='lat' dir='ltr'><strong>usus,</strong></span> 
     </span>
     <span class='ocr_line' id='line_1_20' title="bbox 339 2912 1290 3003; baseline 0.002 -27"><span class='ocrx_word' id='word_1_142' title='bbox 339 2915 425 2992; x_wconf 91' lang='lat' dir='ltr'><strong>imo,</strong></span> <span class='ocrx_word' id='word_1_143' title='bbox 450 2913 474 2975; x_wconf 92' lang='lat' dir='ltr'><strong>si</strong></span> <span class='ocrx_word' id='word_1_144' title='bbox 495 2912 622 3000; x_wconf 88' lang='lat' dir='ltr'><strong>quidem</strong></span> <span class='ocrx_word' id='word_1_145' title='bbox 636 2935 697 2976; x_wconf 92' lang='lat' dir='ltr'><strong>non</strong></span> <span class='ocrx_word' id='word_1_146' title='bbox 708 2913 871 2980; x_wconf 84' lang='lat' dir='ltr'><strong>ambitiose</strong></span> <span class='ocrx_word' id='word_1_147' title='bbox 882 2916 1097 3003; x_wconf 90' lang='lat' dir='ltr'><strong>pronuntiasse</strong></span> <span class='ocrx_word' id='word_1_148' title='bbox 1107 2913 1290 2980; x_wconf 88' lang='lat' dir='ltr'><strong>Ciceronem</strong></span> 
     </span>
     <span class='ocr_line' id='line_1_21' title="bbox 341 3033 1291 3123; baseline -0.001 -23"><span class='ocrx_word' id='word_1_149' title='bbox 341 3036 504 3102; x_wconf 91' lang='lat' dir='ltr'><strong>statuimus</strong></span> <span class='ocrx_word' id='word_1_150' title='bbox 520 3087 528 3115; x_wconf 94' lang='lat'><strong>,</strong></span> <span class='ocrx_word' id='word_1_151' title='bbox 553 3035 655 3099; x_wconf 89' lang='lat' dir='ltr'><strong>minus</strong></span> <span class='ocrx_word' id='word_1_152' title='bbox 675 3035 796 3105; x_wconf 88' lang='lat' dir='ltr'><strong>limato.</strong></span> <span class='ocrx_word' id='word_1_153' title='bbox 824 3033 950 3101; x_wconf 82' lang='lat' dir='ltr'><strong>Constat</strong></span> <span class='ocrx_word' id='word_1_154' title='bbox 962 3037 1046 3100; x_wconf 90' lang='lat' dir='ltr'><strong>enim</strong></span> <span class='ocrx_word' id='word_1_155' title='bbox 1057 3085 1066 3116; x_wconf 95' lang='lat'><strong>,</strong></span> <span class='ocrx_word' id='word_1_156' title='bbox 1079 3036 1138 3100; x_wconf 93' lang='lat' dir='ltr'><strong>sibi</strong></span> <span class='ocrx_word' id='word_1_157' title='bbox 1149 3058 1204 3100; x_wconf 91' lang='lat' dir='ltr'><strong>suo</strong></span> <span class='ocrx_word' id='word_1_158' title='bbox 1216 3057 1291 3123; x_wconf 92' lang='lat' dir='ltr'><strong>ope-</strong></span> 
     </span>
     <span class='ocr_line' id='line_1_22' title="bbox 342 3156 1291 3249; baseline -0.008 -21"><span class='ocrx_word' id='word_1_159' title='bbox 342 3180 376 3228; x_wconf 84' lang='lat' dir='ltr'><strong>re</strong></span> <span class='ocrx_word' id='word_1_160' title='bbox 402 3156 538 3223; x_wconf 81' lang='lat' dir='ltr'><strong>Tullium</strong></span> <span class='ocrx_word' id='word_1_161' title='bbox 560 3157 683 3248; x_wconf 74' lang='lat' dir='ltr'><strong>egregie</strong></span> <span class='ocrx_word' id='word_1_162' title='bbox 702 3157 877 3246; x_wconf 90' lang='lat' dir='ltr'><strong>placuisse,</strong></span> <span class='ocrx_word' id='word_1_163' title='bbox 902 3178 1000 3249; x_wconf 80' lang='lat' dir='ltr'><strong>qunnr</strong></span> <span class='ocrx_word' id='word_1_164' title='bbox 1020 3157 1094 3224; x_wconf 90' lang='lat' dir='ltr'><strong>alios</strong></span> <span class='ocrx_word' id='word_1_165' title='bbox 1106 3170 1291 3234; x_wconf 87' lang='lat' dir='ltr'><strong>testaretur,</strong></span> 
     </span>
    </p>
   </div>
   <div class='ocr_carea' id='block_1_5' title="bbox 336 3405 1292 4076">
    <p class='ocr_par' dir='ltr' id='par_1_5' title="bbox 336 3405 1292 3772">
     <span class='ocr_line' id='line_1_23' title="bbox 338 3405 1291 3475; baseline -0.002 -17"><span class='ocrx_word' id='word_1_166' title='bbox 338 3409 427 3459; x_wconf 80' lang='lat' dir='ltr'><strong>hendo</strong></span> <span class='ocrx_word' id='word_1_167' title='bbox 445 3406 499 3456; x_wconf 84' lang='lat' dir='ltr'><strong>fuit</strong></span> <span class='ocrx_word' id='word_1_168' title='bbox 518 3406 679 3467; x_wconf 87' lang='lat' dir='ltr'><strong>deterritus,</strong></span> <span class='ocrx_word' id='word_1_169' title='bbox 703 3407 762 3458; x_wconf 83' lang='lat' dir='ltr'><strong>tib.</strong></span> <span class='ocrx_word' id='word_1_170' title='bbox 781 3405 820 3458; x_wconf 91' lang='lat' dir='ltr'><strong>ll.</strong></span> <span class='ocrx_word' id='word_1_171' title='bbox 838 3410 887 3475; x_wconf 80' lang='lat' dir='ltr'><strong>Ep·</strong></span> <span class='ocrx_word' id='word_1_172' title='bbox 917 3413 942 3460; x_wconf 86' lang='lat'><strong>1.</strong></span> <span class='ocrx_word' id='word_1_173' title='bbox 970 3407 983 3475; x_wconf 83' lang='lat'>§</span> <span class='ocrx_word' id='word_1_174' title='bbox 1013 3410 1040 3460; x_wconf 69' lang='lat' dir='ltr'><strong>l·</strong></span> <span class='ocrx_word' id='word_1_175' title='bbox 1079 3407 1199 3459; x_wconf 85' lang='lat' dir='ltr'><strong>Tandem</strong></span> <span class='ocrx_word' id='word_1_176' title='bbox 1224 3408 1291 3458; x_wconf 77' lang='lat' dir='ltr'><strong>Luc·</strong></span> 
     </span>
     <span class='ocr_line' id='line_1_24' title="bbox 336 3507 1291 3576; baseline 0.001 -19"><span class='ocrx_word' id='word_1_177' title='bbox 336 3507 428 3576; x_wconf 83' lang='lat' dir='ltr'><strong>cejum</strong></span> <span class='ocrx_word' id='word_1_178' title='bbox 450 3507 551 3569; x_wconf 86' lang='lat' dir='ltr'><strong>etiam,</strong></span> <span class='ocrx_word' id='word_1_179' title='bbox 576 3513 608 3554; x_wconf 82' lang='lat' dir='ltr'><strong>ut</strong></span> <span class='ocrx_word' id='word_1_180' title='bbox 629 3523 690 3556; x_wconf 81' lang='lat' dir='ltr'><strong>suns</strong></span> <span class='ocrx_word' id='word_1_181' title='bbox 710 3523 751 3556; x_wconf 88' lang='lat' dir='ltr'><strong>res</strong></span> <span class='ocrx_word' id='word_1_182' title='bbox 781 3510 935 3574; x_wconf 82' lang='lat' dir='ltr'><strong>scriberet,</strong></span> <span class='ocrx_word' id='word_1_183' title='bbox 963 3509 1071 3562; x_wconf 84' lang='lat' dir='ltr'><strong>Tullius</strong></span> <span class='ocrx_word' id='word_1_184' title='bbox 1091 3512 1212 3574; x_wconf 83' lang='lat' dir='ltr'><strong>rogavit,</strong></span> <span class='ocrx_word' id='word_1_185' title='bbox 1236 3509 1291 3560; x_wconf 84' lang='lat' dir='ltr'><strong>Lib.</strong></span> 
     </span>
     <span class='ocr_line' id='line_1_25' title="bbox 338 3605 1292 3676; baseline 0.005 -19"><span class='ocrx_word' id='word_1_186' title='bbox 338 3607 384 3657; x_wconf 83' lang='lat' dir='ltr'><strong>tt.</strong></span> <span class='ocrx_word' id='word_1_187' title='bbox 404 3608 453 3672; x_wconf 84' lang='lat' dir='ltr'><strong>Ep.</strong></span> <span class='ocrx_word' id='word_1_188' title='bbox 471 3608 498 3656; x_wconf 90' lang='lat'><strong>6.</strong></span> <span class='ocrx_word' id='word_1_189' title='bbox 517 3606 530 3672; x_wconf 83' lang='lat'><em>§</em></span> <span class='ocrx_word' id='word_1_190' title='bbox 549 3605 586 3668; x_wconf 88' lang='grc'><strong>3,</strong></span> <span class='ocrx_word' id='word_1_191' title='bbox 606 3605 639 3656; x_wconf 86' lang='lat' dir='ltr'><strong>de</strong></span> <span class='ocrx_word' id='word_1_192' title='bbox 658 3625 712 3672; x_wconf 87' lang='lat' dir='ltr'><strong>quo</strong></span> <span class='ocrx_word' id='word_1_193' title='bbox 734 3606 864 3662; x_wconf 88' lang='lat' dir='ltr'><strong>historico</strong></span> <span class='ocrx_word' id='word_1_194' title='bbox 884 3613 942 3665; x_wconf 84' lang='lat' dir='ltr'><strong>vid.</strong></span> <span class='ocrx_word' id='word_1_195' title='bbox 965 3609 1099 3676; x_wconf 85' lang='lat' dir='ltr'><strong>Vossius,</strong></span> <span class='ocrx_word' id='word_1_196' title='bbox 1117 3615 1147 3666; x_wconf 81' lang='lat' dir='ltr'><strong>ale</strong></span> <span class='ocrx_word' id='word_1_197' title='bbox 1159 3614 1292 3665; x_wconf 68' lang='lat' dir='ltr'><strong>Hisclar.</strong></span> 
     </span>
     <span class='ocr_line' id='line_1_26' title="bbox 340 3706 656 3772; baseline 0.006 -15"><span class='ocrx_word' id='word_1_198' title='bbox 340 3708 397 3758; x_wconf 85' lang='lat' dir='ltr'><strong>tib.</strong></span> <span class='ocrx_word' id='word_1_199' title='bbox 417 3706 442 3758; x_wconf 87' lang='grc' dir='ltr'><strong>Ι.</strong></span> <span class='ocrx_word' id='word_1_200' title='bbox 460 3725 484 3757; x_wconf 91' lang='lat' dir='ltr'><strong>c.</strong></span> <span class='ocrx_word' id='word_1_201' title='bbox 504 3707 546 3758; x_wconf 73' lang='lat'><strong>12.</strong></span> <span class='ocrx_word' id='word_1_202' title='bbox 564 3725 593 3772; x_wconf 82' lang='lat' dir='ltr'><strong>p.</strong></span> <span class='ocrx_word' id='word_1_203' title='bbox 614 3709 656 3759; x_wconf 81' lang='lat'><strong>19.</strong></span> 
     </span>
    </p>

    <p class='ocr_par' dir='ltr' id='par_1_6' title="bbox 337 3809 1287 3979">
     <span class='ocr_line' id='line_1_27' title="bbox 377 3809 1287 3879; baseline 0.004 -20"><span class='ocrx_word' id='word_1_204' title='bbox 377 3812 385 3842; x_wconf 86' lang='lat'><strong>¹</strong></span> <span class='ocrx_word' id='word_1_205' title='bbox 428 3811 565 3876; x_wconf 81' lang='lat' dir='ltr'><strong>Accepisse</strong></span> <span class='ocrx_word' id='word_1_206' title='bbox 587 3827 614 3860; x_wconf 88' lang='lat' dir='ltr'><strong>so</strong></span> <span class='ocrx_word' id='word_1_207' title='bbox 638 3812 720 3862; x_wconf 82' lang='lat' dir='ltr'><strong>Attici</strong></span> <span class='ocrx_word' id='word_1_208' title='bbox 739 3813 915 3879; x_wconf 84' lang='lat' dir='ltr'><strong>scriptionem</strong></span> <span class='ocrx_word' id='word_1_209' title='bbox 928 3813 988 3866; x_wconf 85' lang='lat' dir='ltr'><strong>Kal.</strong></span> <span class='ocrx_word' id='word_1_210' title='bbox 1007 3812 1073 3865; x_wconf 89' lang='lat' dir='ltr'><strong>Jun.</strong></span> <span class='ocrx_word' id='word_1_211' title='bbox 1094 3816 1126 3866; x_wconf 85' lang='lat' dir='ltr'><strong>tt.</strong></span> <span class='ocrx_word' id='word_1_212' title='bbox 1144 3814 1175 3862; x_wconf 86' lang='lat' dir='ltr'><strong>U.</strong></span> <span class='ocrx_word' id='word_1_213' title='bbox 1195 3815 1221 3862; x_wconf 87' lang='lat' dir='ltr'><strong>C.</strong></span> <span class='ocrx_word' id='word_1_214' title='bbox 1238 3809 1287 3875; x_wconf 66' lang='lat'><strong>094</strong></span> 
     </span>
     <span class='ocr_line' id='line_1_28' title="bbox 337 3910 1065 3979; baseline 0.008 -19"><span class='ocrx_word' id='word_1_215' title='bbox 337 3911 384 3979; x_wconf 89' lang='grc' dir='ltr'><strong>(Α.</strong></span> <span class='ocrx_word' id='word_1_216' title='bbox 401 3913 431 3961; x_wconf 79' lang='lat' dir='ltr'><strong>C.</strong></span> <span class='ocrx_word' id='word_1_217' title='bbox 447 3910 493 3976; x_wconf 82' lang='lat'><strong>60)</strong></span> <span class='ocrx_word' id='word_1_218' title='bbox 512 3912 602 3961; x_wconf 81' lang='lat' dir='ltr'><strong>Cicero</strong></span> <span class='ocrx_word' id='word_1_219' title='bbox 622 3917 737 3962; x_wconf 72' lang='lat' dir='ltr'><strong>testatur</strong></span> <span class='ocrx_word' id='word_1_220' title='bbox 757 3911 820 3966; x_wconf 85' lang='lat' dir='ltr'><strong>Lib.</strong></span> <span class='ocrx_word' id='word_1_221' title='bbox 842 3910 880 3964; x_wconf 89' lang='lat' dir='ltr'><strong>ll.</strong></span> <span class='ocrx_word' id='word_1_222' title='bbox 899 3915 980 3978; x_wconf 80' lang='lat' dir='ltr'><strong>Ep·l</strong></span> <span class='ocrx_word' id='word_1_223' title='bbox 1002 3917 1065 3966; x_wconf 85' lang='lat' dir='ltr'><strong>init.</strong></span> 
     </span>
    </p>

    <p class='ocr_par' dir='ltr' id='par_1_7' title="bbox 372 4009 563 4076">
     <span class='ocr_line' id='line_1_29' title="bbox 372 4009 563 4076; baseline 0.016 -19"><span class='ocrx_word' id='word_1_224' title='bbox 372 4011 382 4044; x_wconf 80' lang='lat'><strong>²</strong></span> <span class='ocrx_word' id='word_1_225' title='bbox 425 4010 444 4064; x_wconf 88' lang='lat' dir='ltr'><strong>l.</strong></span> <span class='ocrx_word' id='word_1_226' title='bbox 467 4009 488 4061; x_wconf 91' lang='lat' dir='ltr'><strong>l.</strong></span> <span class='ocrx_word' id='word_1_227' title='bbox 507 4009 519 4076; x_wconf 81' lang='lat'>§</span> <span class='ocrx_word' id='word_1_228' title='bbox 541 4016 563 4060; x_wconf 87' lang='lat'><strong>1.</strong></span> 
     </span>
    </p>
   </div>
   <div class='ocr_carea' id='block_1_6' title="bbox 0 0 1526 5140">
    <p class='ocr_par' dir='ltr' id='par_1_8' title="bbox 0 0 1526 5140">
     <span class='ocr_line' id='line_1_30' title="bbox 0 0 1526 5140; baseline 0 0"><span class='ocrx_word' id='word_1_229' title='bbox 0 0 1526 5140; x_wconf 95' lang='lat' dir='ltr'><strong> </strong></span> 
     </span>
    </p>
   </div>
  </div>
 </body>
</html>
