3042 5140
801 595 863 656 178
938 593 943 601 ’

359 784 390 837 et
417 784 556 860 tempora
589 770 796 860 persequendi
813 783 840 839 ¹.
889 771 1081 853 «Audeo»,
1118 772 1221 864 iuquit
1249 778 1307 842 aii·

326 875 329 882 ’
357 894 454 974 cubi,
489 893 635 960 «studio
667 891 828 964 historiae.
874 892 1109 960 incredibiliter
1138 895 1222 960 enim
1254 919 1305 962 ure

250 1027 251 1034 ’
354 1025 530 1080 commovet
550 1025 603 1082 tua
626 1009 822 1094 cohortatio,
848 1035 928 1102 quaa
949 1011 1078 1100 quidem
1101 1033 1159 1078 neo
1179 1013 1303 1081 institui

352 1157 411 1202 uec
424 1135 507 1201 effici
528 1145 629 1223 potest
650 1134 715 1200 siue
734 1145 787 1198 tua
809 1155 900 1222 ope»
915 1139 944 1201 ².
979 1132 1097 1198 Verum
1118 1155 1200 1198 mors
1211 1157 1303 1224 prae·

351 1267 474 1322 matura
498 1253 593 1322 Tullii
615 1253 809 1343 propositum
831 1254 980 1322 dissolvit.

395 1375 509 1464 Magna
528 1374 582 1438 illa
601 1374 767 1465 Pomponii
789 1374 950 1456 doctrine,
974 1375 1087 1474 insigni
1105 1374 1299 1446 humanitate

349 1494 518 1562 exhilarata
530 1541 540 1574 ,
564 1494 668 1584 plures
693 1495 753 1584 ipsi
784 1495 1002 1590 conciliaverat
1031 1495 1065 1560 in
1092 1497 1223 1563 literatis
1250 1501 1297 1564 sni

349 1611 417 1679 aevi
426 1610 607 1680 hominibus
617 1613 752 1692 amicos,
765 1635 842 1702 quos
860 1613 942 1680 iuter
954 1623 1077 1700 praeter
1090 1610 1272 1678 Ciceronem
1286 1665 1295 1694 ,
1388 1607 1392 1616 ¹

346 1729 571 1798 Peducaeum
590 1780 600 1813 ,
624 1732 785 1820 Saufejuru
800 1737 842 1814 ⁴,
867 1733 903 1800 L.
925 1731 1088 1799 Sisennam
1108 1745 1290 1800 oratorcm⁵

345 1850 506 1941 aliosque,
531 1853 685 1942 Nepotem
705 1854 799 1918 etiem
829 1866 861 1919 et
890 1853 1063 1920 Varronem
1079 1861 1109 1922 ⁶.
1168 1856 1214 1920 De
1240 1855 1294 1920 illo

339 1972 407 2057 jam
428 1969 570 2058 egimus3
596 1968 671 2035 huie
704 1982 808 2036 autem
838 1971 916 2036 adeo
951 1984 1055 2059 gratus
1084 1984 1293 2063 acceptusque

342 2088 425 2168 suit,
448 2103 483 2156 ut
501 2089 531 2154 ei
557 2111 621 2156 nou
644 2089 743 2156 solum
774 2090 807 2154 iu
836 2090 924 2155 libris
954 2104 1057 2179 partes
1084 2092 1216 2180 agendas
1233 2094 1290 2160 tri·

339 2208 443 2274 buerit
459 2211 496 2288 ⁷,
530 2228 639 2274 verum
660 2209 847 2299 singularem
880 2210 974 2277 etiarn
1005 2211 1121 2276 librum
1147 2211 1189 2276 de
1217 2217 1290 2278 vita

329 2325 453 2412 populi
471 2323 618 2392 Romani
644 2329 835 2421 inscripserit
849 2337 879 2398 ⁸.
926 2331 1013 2396 Haeo
1034 2330 1132 2400 Attici
1154 2347 1185 2398 et
1208 2332 1286 2400 Var-

370 2532 381 2563 ¹
420 2532 477 2587 cic.
491 2536 566 2590 Brut.
583 2555 608 2589 c.
626 2537 696 2592 ttx.
722 2539 800 2610 574.

367 2619 380 2654 ²
419 2631 936 2706 uru.xvt.aer.up.1sc.or.

368 2733 382 2768 ⁸
419 2729 505 2800 Huj'ns
531 2731 586 2784 viri
611 2733 787 2800 prudentiam
805 2736 903 2802 quanti
922 2735 1019 2788 fecerit
1036 2735 1150 2799 Cicero,
1169 2735 1282 2800 colligas

327 2843 391 2878 cum
409 2845 424 2878 e
442 2827 508 2882 Lib.
525 2828 1282 2905 xV.ttp·13.oo,tummasimoeuib.tt.up.1.§1.

363 2914 376 2950 ⁴
412 2928 499 3008 nepos
516 2927 626 2982 exn.
644 2936 660 3000 a
679 2933 708 2984 s.
726 2932 765 2983 cr.
783 2935 842 2984 niu.
859 2933 928 2988 vu.
946 2939 998 3005 up.
1015 2945 1041 2993 1.
1059 2937 1073 3007 ς
1091 2941 1119 2992 1.

290 3075 292 3078 .
362 3020 374 3055 ⁵
414 3025 468 3098 Cic·
487 3026 557 3080 Brut.
574 3045 598 3084 c·
615 3031 717 3085 mv.
732 3035 748 3100 §
767 3035 829 3090 260.
844 3035 885 3088 Dc
896 3057 926 3089 eo
937 3039 1000 3091 vide
1009 3039 1136 3090 vossium
1147 3075 1158 3103 ,
1170 3039 1200 3090 da
1211 3040 1279 3091 Hire.

324 3121 381 3176 lat.
397 3121 461 3177 Lib.
480 3123 510 3181 Ῑ.
527 3145 551 3182 c.
570 3131 612 3190 10,
629 3149 661 3198 p.
679 3131 723 3199 14.

360 3217 373 3252 ⁸
411 3227 469 3280 ttb.
498 3224 536 3287 11,
555 3231 588 3280 ad
607 3231 660 3282 Art.
679 3235 729 3300 Ep.
747 3235 790 3292 25.
809 3238 825 3302 ᾗ
845 3237 877 3302 1;
896 3238 955 3288 Lib.
972 3234 1027 3292 tv.
1046 3240 1096 3304 Ep.
1114 3241 1143 3292 ἢ.
1163 3243 1178 3308 §
1197 3240 1228 3308 53
1245 3245 1278 3292 od

319 3320 382 3375 Dis.
397 3325 458 3381 tib.
484 3324 532 3381 lx.
550 3331 600 3396 Ep.
618 3333 631 3383 1
650 3333 732 3400 inite
751 3335 824 3387 Taso.
841 3335 915 3408 Βίῳ.
924 3335 986 3388 Lib.
998 3337 1025 3393 l.
1035 3356 1060 3388 o·
1071 3341 1086 3390 1
1099 3337 1163 3391 init.
1169 3339 1274 3410 sssiffi·

355 3419 367 3453 ⁷
406 3422 522 3477 Librum
553 3430 701 3482 secuudum
729 3432 790 3484 dieo
818 3436 849 3485 de
876 3438 910 3489 rt.
930 3437 989 3503 tt,
1014 3455 1068 3505 quo
1086 3439 1121 3490 de
1133 3443 1274 3508 'pecuariis

317 3535 405 3572 sermo
423 3521 556 3577 habetur.
1054 3539 1057 3543 ’

353 3609 365 3646 ⁸
404 3621 451 3673 Est
478 3621 524 3677 hio
552 3628 581 3677 iu
609 3627 760 3699 dependitis
783 3631 916 3706 Varronis
934 3636 1037 3700 tibris,
1053 3631 1111 3704 *quo
1130 3638 1270 3710 majorum

313 3717 400 3772 vitam
419 3721 565 3792 descripsit
582 3735 608 3780 ot
626 3736 761 3796 quantum
783 3742 973 3802 contempora
994 3736 1029 3786 ab
1051 3753 1146 3788 eorum
1175 3737 1270 3804 fruge-

311 3811 393 3867 litate
419 3820 596 3877 descivissent
628 3828 733 3886 docuit.
761 3829 829 3884 Vid.
847 3835 1003 3898 Fabricius,
1022 3835 1095 3888 Birt.
1112 3837 1170 3891 lar.
1189 3841 1267 3894 Tom.
1318 3857 1321 3862 ·

308 3913 334 3968 I.
351 3918 410 3971 Lib.
428 3920 454 3976 1.
470 3942 493 3974 c·
511 3929 537 3980 7.
553 3944 583 3992 p·
601 3929 651 3982 125
669 3939 696 3983 et
714 3935 743 3982 iu
762 3934 861 3999 primis
884 3934 1079 4002 Schneiderua,
1106 3939 1197 4009 Senior.
1221 3943 1271 3994 ltu·

307 4015 382 4070 Bran.
399 4019 477 4076 Totu.
496 4022 524 4080 1.
539 4024 567 4078 P.
584 4024 622 4079 li.
641 4047 670 4098 p.
687 4031 736 4082 236
759 4050 819 4100 sqq.
837 4027 880 4087 cf.
895 4033 1006 4090 Vossius
1018 4037 1040 4090 l.
1051 4037 1072 4091 l.
1083 4057 1107 4092 e.
1119 4041 1161 4092 tu.
1174 4061 1202 4108 p.
1219 4043 1263 4096 18.
