2970 5144
665 575 704 633 21

227 758 322 821 etiam
354 753 392 816 ad
419 727 583 815 doctrinas
611 751 737 831 indole,
770 763 805 815 ut
837 750 962 815 aliunde
995 753 1186 834 norimns¹,

139 869 143 886 '
227 877 275 941 sui
303 847 558 949 simillimum,
545 893 613 958 Jam
645 885 712 935 tum
756 870 951 936 tenacissimo
989 870 1186 938 familiarita-

205 997 264 1058 'tis
286 1006 317 1059 et
338 992 451 1056 amoris
472 990 598 1056 uinculo
618 989 682 1055 sibi
709 969 868 1056 devincire
888 993 1002 1082 coepit.
1042 995 1185 1084 Uterque

225 1116 365 1205 aprima
388 1129 530 1202 tempore
562 1111 683 1192 aetatis,
700 1113 785 1200 juris
803 1113 967 1191 studiosus,
981 1113 1070 1198 adQ.
1084 1115 1183 1181 Mucii

230 1233 395 1304 Scaevolae
416 1232 545 1302 domum
567 1234 720 1300 ventitare
742 1232 874 1310 solebat,
897 1246 932 1299 ut
953 1255 1078 1322 grarem
1098 1231 1184 1298 hunc

223 1358 349 1439 virum,
373 1357 654 1447 jurisperitorum
684 1353 1001 1443 eloquentissimum,
1033 1353 1187 1460 eloquen-

226 1481 305 1544 tium
324 1477 404 1565 juris
427 1477 699 1567 peritissimum2,
717 1475 758 1540 de
780 1473 856 1540 solio
891 1495 945 1538 suo
974 1473 1186 1564 disputantem

227 1610 279 1660 et
291 1597 482 1686 gravissimas
508 1595 589 1682 Juris
616 1595 810 1684 quaestiones
840 1594 1064 1683 explicantem
1093 1595 1185 1660 audi-

227 1731 276 1782 ret
293 1721 322 1784 ³.

269 1839 359 1902 Patet
390 1837 487 1917 inde,
514 1838 547 1901 ni
580 1836 693 1915 fallor,
726 1811 861 1926 potuisse
892 1837 1057 1915 Atticum,
1078 1813 1187 1904 uatum
1234 1811 1238 1816 .

220 1959 339 2048 magnis
371 1957 498 2023 dotibus
520 1957 706 2022 instructum
730 1968 761 2020 et
782 1978 800 2020 e
820 1954 979 2045 praeclara
1010 1955 1183 2046 disciplina

219 2141 352 2211 Caepione
372 2136 446 2194 Coss.
463 2140 544 2192 Vidd.
563 2138 677 2190 corradi
696 2099 850 2202 Quiestura,
866 2137 993 2206 ed.Eru.
1001 2157 1029 2206 p.
1045 2141 1092 2205 ¹⁵5
1114 2139 1188 2191 ΔΜ.

219 2243 292 2306 ken,
304 2242 426 2292 Cicer'om
445 2239 740 2302 aerQnenBr'esempag.
760 2237 786 2288 P.
805 2236 923 2324 Uterque
945 2235 1104 2287 autemillo
1126 2255 1188 2288 ma·

218 2345 339 2406 gistratu
362 2341 452 2390 functi
479 2346 543 2390 sunt
571 2339 604 2388 A.
624 2339 654 2389 U.
677 2339 705 2386 C.
729 2335 781 2401 648
799 2333 844 2404 (6
847 2337 875 2402 7)
893 2333 940 2402 (A
963 2336 991 2386 0.
1015 2331 1092 2402 106),
1112 2336 1187 2402 quod

222 2443 302 2493 docet
333 2441 379 2490 Pio
364 2439 467 2504 ghius,
499 2439 567 2488 Ana.
585 2439 651 2488 'l'om
676 2433 715 2486 ll.
736 2453 765 2500 p.
788 2432 857 2484 xm.
875 2433 941 2483 llinc
964 2411 1125 2484 manilestus
1147 2441 1187 2484 ιιι

222 2539 385 2592 Mrddletom
396 2555 491 2602 error,
511 2540 591 2590 Leaen
612 2557 636 2588 ι.
657 2536 712 2590 cto.
729 2545 793 2589 aare.
801 2536 858 2587 door
869 2533 981 2586 Zalleaea
999 2535 1079 2597 Τοιιι,
1102 2533 1147 2586 11.
1138 2551 1186 2600 p.

219 2644 272 2704 61,
296 2639 436 2710 Tullium
443 2639 533 2690 Attice
557 2658 604 2690 uno
627 2645 737 2688 tantum
756 2653 826 2686 anno
843 2636 979 2686 minorem
998 2635 1150 2690 referentia.

260 2737 269 2770 ¹
309 2739 457 2820 Plutarch,
477 2743 521 2792 ain
538 2740 595 2790 Cre.
613 2757 638 2790 c.
655 2736 692 2788 II

258 2833 269 2866 ²
309 2834 364 2889 Cic.
384 2839 499 2890 daOrat.
519 2840 576 2889 Lib.
604 2836 627 2888 Ῑ.
649 2857 673 2888 c.
692 2839 733 2890 39.
755 2836 852 2905 5180.

257 2935 268 2968 ³
308 2936 362 2987 eic‘.
386 2938 416 2988 da
440 2938 512 3002 legg.
536 2937 596 2988 Lib.
624 2937 684 2988 l.c
687 2937 749 3002 ,4
768 2937 843 3006 413.
864 2938 963 2988 Eo'dem
985 2936 1183 3006 seretempore

220 3037 367 3100 Epicureus
384 3013 524 3086 Phaedrus
542 3037 656 3086 Romam
676 3035 814 3099 devertit,
838 3054 893 3102 quo
911 3037 1043 3102 magistro
1062 3055 1127 3089 usus
1146 3047 1189 3090 est

218 3131 338 3194 Tullius.
367 3133 414 3186 eff.
432 3134 580 3199 Miuulec,
605 3136 683 3186 Tem.
711 3133 1184 3202 1.p.22;Wielaudus‚'l'om1.

217 3255 247 3302 p.
266 3241 299 3302 ὃς
322 3235 433 3289 Abelteu
452 3256 485 3304 p.
500 3241 516 3290 8
535 3246 561 3288 et
579 3238 593 3286 J
599 3270 606 3286 .
622 3238 655 3286 Δ.
673 3238 703 3286 G.
721 3253 775 3288 van
792 3235 896 3284 Heusde
907 3271 918 3299 ,
937 3237 976 3286 M.
988 3237 1085 3286 Tollius
1097 3235 1186 3289 Cicero

220 3333 336 3384 Φιλοπλ.
356 3352 385 3400 p.
404 3335 447 3389 72.
465 3337 578 3399 Propter
596 3330 810 3382 similitudinem
830 3338 920 3380 autem
937 3332 1093 3382 studiorum
1104 3340 1131 3384 et
1141 3351 1187 3385 ao·

219 3435 368 3496 cietatem,
401 3450 471 3498 quae
499 3434 588 3484 Attico
613 3449 677 3500 cum
702 3421 828 3482 Cicerone
847 3431 918 3497 fuit,
939 3440 998 3483 tum
1017 3452 1082 3486 vcro
1101 3423 1201 3486 etiam¹

218 3537 329 3596 propter
349 3531 492 3594 studium,
512 3547 568 3598 quo
586 3530 640 3582 ille
658 3537 750 3596 postea
769 3529 883 3580 eundem
900 3529 1097 3598 philosophum
1119 3549 1184 3582 ean-

113 3645 123 3654 *
217 3631 335 3696 demque
353 3631 531 3698 disciplinam
556 3639 715 3699 prosecutus
733 3639 790 3694 est,
810 3649 840 3681 eo
859 3631 1003 3696 adducor,
1023 3639 1053 3682 ut
1072 3651 1086 3682 a
1107 3632 1183 3685 veri-

217 3735 273 3780 tate
300 3727 376 3780 haud
405 3729 484 3795 louge
515 3732 606 3782 abesse
635 3729 808 3794 existimem,
841 3732 978 3795 Atticum,
1008 3731 1107 3796 viginti
1125 3731 1182 3782 lere

217 3844 350 3878 annorum
370 3829 586 3895 adolescentem,
607 3829 706 3878 Itomae
725 3845 856 3896 quoquc,
877 3847 928 3880 una
949 3848 1012 3882 cum
1034 3833 1178 3897 Cicerone,

217 3929 340 3975 animum
364 3929 398 3978 ad
421 3931 569 3996 sapientiae
598 3931 722 3981 studium
757 3930 942 3997 applicuisse,
972 3933 1180 4002 Phaedrumque

218 4022 345 4077 habuisse
362 4025 391 4077 in
411 4027 542 4094 Epicurea
564 4029 738 4098 philosophia
758 4030 866 4084 ducem·
