2970 5144
782 593 842 658 20'
901 690 915 706 „

328 775 531 856 illustrissima
562 775 685 862 Plebeja
708 786 799 862 gente
825 773 1013 866 oriundam,
1049 771 1237 855 Caeciliam,
1264 799 1283 841 a

327 918 388 986 qna
411 895 687 986 praeterAtticum
710 894 916 982 Pomponiam
938 893 1034 958 filiam
1056 896 1203 984 suscepit.

371 1017 462 1080 Patre
483 1027 608 1094 natum,
628 1014 685 1103 qui
702 1014 767 1104 ipse
790 1014 901 1080 studiis
923 1037 1111 1104 magnopere
1137 1029 1202 1082 erat
1227 1015 1284 1082 ‹le-

327 1139 410 1206 ditua
422 1187 432 1220 ,
454 1161 517 1224 non
539 1139 654 1204 mirum
673 1137 814 1204 Atticum
837 1138 981 1204 omnibns
1014 1136 1185 1216 doctrinis,
1213 1137 1285 1226 qui·

327 1260 386 1324 bus
417 1257 547 1346 puerilis
579 1270 661 1323 aetas
691 1258 848 1347 impertiri
873 1279 910 1322 eo
933 1268 1074 1345 tempore
1097 1257 1180 1346 apud
1216 1257 1285 1322 Ro·

326 1399 433 1446 manos
457 1376 599 1456 solebat,
630 1368 753 1442 mature
784 1377 878 1442 luisse
906 1376 1078 1449 eruditum.
1126 1377 1286 1444 Farcbnnt

326 1510 431 1564 antem
464 1497 648 1586 disciplinae
668 1511 700 1562 et
725 1497 848 1586 egregia
867 1499 1089 1564 succurrebant
1112 1498 1286 1589 praeclarae

328 1617 447 1706 ingenii
471 1617 575 1697 dotes,
599 1617 730 1706 quaein
753 1638 852 1705 puero
875 1616 1060 1698 elucebant,
1090 1639 1286 1707 quarumque

331 1736 499 1804 laudantur
530 1735 664 1800 maxime
688 1734 807 1824 ingenii
838 1734 980 1801 docilitas
1009 1747 1040 1800 et
1061 1737 1122 1802 oris
1141 1739 1286 1826 vocisque

329 1877 448 1922 summa
465 1855 613 1934 ,suavitas
626 1905 636 1935 ‚
668 1867 703 1920 ut
733 1879 796 1921 non
821 1856 921 1922 solum
947 1855 1091 1922 celeriter
1113 1858 1286 1946 arriperet,

328 1997 409 2065 quae
421 1998 438 2039 a
451 1974 604 2064 magistris
614 1974 644 2039 ei
664 1973 890 2054 tradebantur,
913 1976 965 2041 sed
986 1978 1081 2043 etiam
1102 1977 1289 2044 excellenter

331 2097 561 2184 pronuntiaret.
586 2095 718 2174 Factum
739 2095 782 2160 ita
802 2106 870 2174 est,
893 2108 975 2162 utet
995 2098 1061 2186 ipse
1083 2098 1177 2164 miros
1199 2100 1287 2166 lace-

333 2231 382 2283 rct
404 2217 437 2280 in
458 2216 555 2282 literis
586 2238 761 2306 progressus
784 2229 815 2282 et
835 2240 1054 2306 generosorum
1089 2221 1287 2312 condiscipu-

315 2339 458 2419 lorum,
479 2339 533 2426 qni
552 2341 710 2428 majores,
731 2352 766 2405 ut
785 2341 845 2420 fit,
877 2343 1014 2432 aequalis
1034 2346 1082 2410 sui
1101 2345 1206 2412 laudes
1226 2345 1288 2410 ini·

331 2459 422 2550 quius
433 2460 576 2526 ferebant
589 2509 599 2538 ,
611 2461 854 2528 aemulationem
865 2463 1068 2553 itudinmqne
1087 2462 1288 2531 vehementer

330 2578 489 2646 excitarat.
525 2579 740 2646 Nihilominus
772 2602 880 2646 omnes
913 2584 997 2647 snari
1021 2597 1129 2650 suaet
1153 2586 1288 2652 officiosa

331 2702 557 2770 consuetudine
581 2705 666 2768 tanti
686 2702 745 2767 sibi
768 2703 929 2790 conjunxit
949 2705 1110 2784 amicitia,
1133 2717 1167 2770 ut
1188 2707 1290 2771 nerni-

328 2850 402 2894 nem
422 2825 593 2892 habuerint
614 2837 767 2916 perpetuo
790 2826 941 2891 cariorem
961 2829 989 2895 ¹.
1035 2827 1073 2892 In
1094 2825 1140 2890 his
1165 2840 1289 2916 praeter

330 2949 367 3016 L.
389 2949 608 3036 Torquatum,
642 2944 679 3012 C.
714 2945 869 3024 Marium,
902 2947 938 3030 Q.
977 2945 1114 3024 Gellium
1145 2945 1289 3024 Canum,

332 3069 429 3147 alios,
461 3067 494 3130 in
525 3067 636 3156 primis
665 3066 727 3129 fuit
749 3065 794 3134 Μ.
827 3065 947 3132 Tullius
975 3065 1129 3146 Cicero²,
1153 3067 1291 3132 triennio

334 3185 439 3253 Attico
451 3185 553 3252 minor
567 3190 597 3263 ³,
620 3208 713 3275 quem
726 3235 735 3265 ,
757 3208 819 3250 non
832 3185 970 3251 moribus
982 3184 1096 3263 modo,
1117 3185 1170 3252 sed
1180 3186 1296 3250 eximia

332 3467 418 3534 psissc
436 3468 477 3518 Μ.
492 3465 607 3516 Juninm
628 3464 774 3528 Sodalem,
794 3470 889 3516 auctor
907 3462 986 3512 nobie
1005 3469 1045 3512 est
1062 3463 1172 3525 Cicero,
1185 3462 1295 3530 delegg·

334 3569 393 3618 Lib.
418 3566 472 3618 ΙΙΙ.
499 3585 525 3616 c.
552 3568 596 3627 20.
614 3565 628 3634 t
647 3565 691 3632 49.
708 3594 743 3606 -
761 3567 886 3617 Ceterum
914 3561 948 3612 de
978 3561 1061 3612 Attici
1085 3567 1164 3628 patre
1191 3557 1293 3620 nulla,

334 3668 425 3733 rpuond
443 3674 516 3731 ecio,
536 3669 608 3734 apud
634 3675 737 3722 veteres
761 3667 864 3718 mentio
884 3667 931 3728 tit,
955 3671 986 3714 ut
1006 3670 1115 3730 praeter
1128 3660 1228 3725 gentile
1244 3677 1293 3710 nec

333 3782 430 3816 nomen
445 3765 525 3835 ejus,
543 3783 592 3822 neo
610 3766 704 3816 uxoria
724 3763 859 3814 traditura
880 3753 1064 3814 invnniaurns.

377 3861 385 3892 ¹
426 3865 512 3932 Nepos
530 3883 553 3919 c.
572 3863 706 3934 ΗΜ

375 3963 385 3996 ²
424 3962 836 4034 Ncpcsl.l.§d,c.X.§3.

375 4061 385 4094 ³
424 4067 507 4118 lictus
535 4068 608 4118 anim
627 4059 720 4115 Cicero
743 4071 783 4116 cet
811 4059 839 4115 C.
866 4063 951 4116 tritta
977 4069 1110 4128 Serrano,
1128 4065 1157 4128 Q.
1175 4060 1295 4118 Servilio
