3042 5140
474 1263 635 1369 &aput
673 1258 973 1368 marimum.

383 1622 492 1667 rrrrcr
513 1620 654 1678 sanun,
681 1617 837 1676 scurras,
857 1617 1059 1681 nonouoon,

444 1744 535 1803 onan
561 1741 765 1800 succesum,
789 1739 997 1787 rnrcnnnrr.

286 2358 420 2436 Restat,⁴
446 2369 480 2420 nt
511 2356 543 2419 in
577 2355 682 2421 Attico
717 2355 874 2420 literatum
919 2355 1013 2420 etiarn
1050 2357 1198 2450 doctum-

241 2498 302 2564 que
345 2476 505 2542 hominem
548 2498 768 2564 agnoscamus,
826 2500 878 2540 seu
918 2478 1022 2565 potios
1064 2480 1197 2544 illustre-

240 2619 332 2678 mus,
368 2621 462 2687 quam
485 2599 592 2663 inierit
614 2598 647 2661 in
668 2596 866 2687 philosophia
899 2599 1066 2664 excolenda
1102 2604 1197 2668 ratio-

239 2703 311 2786 nem
341 2744 376 2786 ac
402 2723 504 2801 viam,
538 2743 662 2812 quaque
693 2719 788 2785 fuerit
826 2721 871 2798 in·
900 2720 998 2786 literis
1030 2722 1197 2785 tractandis

239 2841 402 2928 diligentia
432 2865 513 2912 usus.
562 2829 647 2926 Quae
682 2841 811 2932 quidem
844 2854 879 2906 ut
910 2841 1033 2931 scriptis
1063 2843 1197 2906 maxime

119 2989 129 3006 ·
238 2963 412 3050 probatur,
446 2965 489 3028 ita
516 2965 549 3029 in
581 2963 658 3031 haec
690 2966 851 3055 inquirere
892 2966 963 3032 dart
993 2968 1088 3056 opera
1108 2968 1197 3054 jurat

239 3094 291 3160 ct,
317 3093 470 3170 quatenus
498 3081 531 3147 id
558 3105 614 3170 per
634 3083 778 3170 antiquos
805 3082 902 3161 licet,
940 3105 1049 3148 corum
1082 3082 1196 3149 chara-

238 3217 378 3283 cterem,
405 3205 459 3290 qui
479 3201 618 3282 dicitur,
655 3201 813 3290 indagare.
864 3200 959 3288 Cujus
979 3201 1197 3290 disputationis

238 3328 332 3392 finem
358 3324 510 3414 reliquiae
530 3322 682 3413 quaedam
705 3322 918 3398 constituant,
944 3342 1045 3408 quae,
1082 3343 1118 3386 ex
1137 3317 1195 3384 lr-

238 3448 293 3512 tici
321 3446 443 3536 scriptis
464 3457 623 3525 servatae,
649 3445 732 3534 apud
765 3456 882 3510 veteres
915 3442 1072 3532 hodieque
1106 3443 1194 3510 inve·

236 3568 379 3636 niuntor.
426 3566 559 3632 Initium
588 3587 660 3632 vcro
687 3566 836 3631 ducamus
857 3589 875 3629 a
893 3564 1102 3656 philosophia.

188 3683 189 3686 '
281 3688 472 3778 Pomponius
493 3687 613 3776 igitur,
649 3685 735 3774 quod
757 3708 808 3750 me
842 3685 874 3749 in
908 3687 1066 3775 principio
1100 3687 1194 3776 hujus
1245 3673 1247 3679 ⁵

235 3809 411 3896 scriptionis
425 3809 672 3882 animadvertere
692 3805 848 3884 memini,
875 3829 971 3895 quum
993 3807 1191 3888 adolescens,

235 3928 344 3994 relicti
374 3929 496 4017 patriai,
531 3929 667 3994 Athenas
699 3925 875 3991 studiorum
907 3928 997 3992 causi
1031 3927 1191 4016 petiisset,

235 4043 390 4114 Zerioncm
413 4070 449 4112 ac
471 4045 648 4114 Phaedrum
681 4044 882 4136 philosophos
913 4046 1044 4134 Epicuri
1076 4046 1190 4134 placita
