3042 5140
735 621 797 682 162

330 801 416 865 llueu
438 799 662 876 fundamenta,
691 799 822 886 opinor,
847 797 1024 865 firmissimo
1045 813 1135 881 sunt,
1173 801 1246 889 qui-

287 921 345 986 bus
366 918 426 984 viri
445 917 530 984 dooti
553 919 676 1007 posterii
698 927 799 981 aetate
818 938 904 980 suam
921 918 1108 983 sententiam
1128 918 1167 983 de
1189 919 1248 984 At·

284 1041 340 1106 tici
369 1036 587 1129 philosophia,
623 1043 772 1124 tanquam
812 1035 986 1124 Epicurea,
1029 1052 1244 1126 superstruxe-

282 1155 411 1240 rtiot13
446 1179 581 1248 quorum
610 1156 739 1246 quidam
771 1157 902 1222 ulterius
932 1160 1107 1247 progressi,
1144 1183 1244 1250 quae·

281 1299 406 1365 ounqua
425 1277 527 1364 gravia
549 1274 785 1364 deprehendere
817 1278 877 1341 sibi
902 1279 935 1343 in
966 1279 1073 1345 Attico
1095 1279 1169 1345 vitia
1190 1282 1245 1346 vi·

285 1399 462 1479 dabantur,
488 1399 671 1488 explicanda
683 1399 755 1462 inde
776 1398 951 1464 docuerunt
963 1412 995 1464 et
1014 1399 1153 1489 iniquius
1164 1400 1243 1466 adeo

283 1521 322 1586 de
354 1520 479 1609 ingenio
509 1522 574 1608 ejus
601 1519 786 1608 judicarunt
808 1525 838 1589 ².
886 1519 939 1585 llli
971 1519 1079 1598 enim,
1113 1521 1245 1609 Epicuri

283 1638 513 1729 philosophiam
534 1640 692 1706 nullorum
728 1664 791 1705 non
814 1641 963 1706 vitiorum
985 1653 1117 1705 matrem
1153 1640 1243 1730 flagi-

284 1760 462 1849 tiorumque
500 1761 679 1852 magistram
725 1761 955 1835 existimantes.
1003 1761 1146 1826 doctrina
1182 1759 1244 1826 hau

281 1970 320 2022 ita
349 1975 527 2022 confirmatur
555 1972 659 2036 egregie
686 1972 850 2022 Corueriuno
875 1970 972 2036 libro,
990 1977 1057 2024 testo
1075 1973 1103 2024 J.
1120 1973 1147 2022 F.
1165 1969 1241 2024 Heu·

280 2071 408 2134 singoro,
437 2079 498 2137 post
528 2070 617 2121 Mallii
644 2070 781 2122 Theodori
810 2071 915 2121 lihrum
946 2073 977 2123 de
1004 2073 1093 2124 Matris
1122 2092 1152 2141 p.
1181 2073 1245 2125 125.

279 2171 419 2237 Quidquid
437 2178 495 2234 est,
515 2170 568 2221 sive
586 2171 648 2236 quis
666 2169 736 2220 hunc
755 2186 800 2220 seu
820 2170 905 2221 aliam
923 2169 1069 2221 lectionem
1089 2171 1239 2238 praeferat,

278 2271 362 2320 dubia
375 2287 416 2320 res
429 2277 468 2319 est
477 2270 565 2335 3quod
578 2267 657 2332 facit,
671 2275 702 2319 ut
713 2267 788 2319 locus
800 2268 972 2319 auctoritatis
984 2284 1038 2317 non
1051 2268 1115 2318 sutis
1127 2267 1240 2322 habeut.

316 2371 325 2403 ¹
365 2367 508 2419 Referendi
532 2369 567 2418 ad
595 2368 644 2418 hos
669 2376 728 2418 tum
755 2385 848 2417 omues
878 2367 935 2418 fere
956 2367 1143 2434 Epistularum
1161 2367 1238 2419 Cice·

278 2465 353 2515 ronis
374 2467 560 2533 interpretes,
588 2475 648 2518 tum
666 2485 734 2519 vero
757 2466 842 2517 otiam
870 2469 982 2534 llorny,
1012 2469 1239 2538 Hiar.pti1.tit›.

277 2563 329 2620 IV.
349 2585 374 2618 a.
384 2566 411 2618 5.
428 2585 457 2633 p.
475 2568 540 2634 9513
560 2570 753 2619 Reimmunnus
767 2603 777 2630 ,
797 2569 867 2619 Hirr.
878 2568 1090 2629 aetetsmi,seu.
1104 2565 1143 2620 lI.
1154 2585 1179 2621 c.
1192 2549 1244 2621 29.

276 2687 305 2735 p.
323 2670 387 2734 ἳῦἰς
408 2668 580 2732 Gassendus,
609 2668 639 2718 de
667 2660 1034 2736 vie.Epie.Ltb.11.c.6;
1065 2663 1234 2731 Templous,

273 2767 363 2818 Jardiu
384 2767 515 2836 d'Epicure
526 2803 536 2830 ,
566 2767 642 2816 Tom.
672 2763 713 2816 ll.
731 2767 760 2815 1¹.
781 2763 822 2815 11.
840 2783 869 2831 p.
888 2767 939 2816 too
957 2781 1013 2831 sqq.
1028 2782 1036 2829 ς
1054 2763 1209 2816 Bruckerus
1219 2802 1231 2828 ,

273 2867 341 2918 Hire.
368 2868 425 2920 crit.
448 2867 511 2934 pluit.
529 2867 588 2915 Pur.
608 2863 902 2918 ll.t’.1.1.ib.l.c.
924 2869 949 2916 l.
969 2861 983 2928 h
1000 2863 1052 2930 263
1071 2863 1230 2927 fabricius,

273 2964 342 3014 Bill.
362 2964 433 3026 lat,
461 2965 538 3012 Tum.
558 2961 581 3014 l.
599 2963 663 3015 Lib.
684 2965 707 3016 l.
724 2983 751 3018 c.
769 2968 798 3017 6.
816 2984 844 3032 p.
864 2968 931 3034 loa,
952 2965 1041 3018 Buhle
1052 3002 1063 3030 ,
1083 2967 1169 3018 Gauri.
1189 2967 1233 3016 der

271 3069 369 3132 Phth,
402 3069 480 3119 Tum.
508 3067 562 3121 IV.
591 3088 617 3136 p·
645 3071 699 3134 36,
735 3071 840 3139 aliique
867 3073 935 3122 bene
955 3071 1048 3122 multi.
1084 3069 1232 3123 Dubituvit

273 3169 400 3234 lansius,
424 3169 453 3219 du
471 3172 559 3240 script.
576 3172 635 3222 list.
650 3171 711 3240 phil.
733 3172 793 3226 Lib.
813 3169 851 3222 ll.
871 3189 896 3222 c.
916 3173 958 3223 18.
977 3170 991 3238 h
1010 3169 1036 3235 4.
1054 3187 1082 3235 p.
1101 3169 1161 3220 255.

308 3273 319 3306 ²
361 3271 463 3334 Agmen
481 3269 582 3320 horum
601 3271 680 3320 duxit
700 3272 791 3320 Abhus
810 3271 843 3320 de
863 3269 901 3318 St.
923 3269 988 3319 Re‘ul
1007 3285 1069 3319 cum
1087 3270 1117 3318 iu
1136 3276 1231 3318 annot.

271 3368 306 3417 utl
333 3367 395 3439 Bpp.
421 3370 475 3420 eie.
495 3377 553 3419 tum
572 3371 601 3418 in
620 3370 762 3420 Cesarione.
799 3371 888 3420 Secuti
907 3378 969 3420 sunt
990 3368 1052 3432 alii,
1070 3385 1152 3434 supra
1177 3383 1228 3418 uo·

271 3467 391 3530 minati,
421 3468 449 3516 in
477 3469 576 3532 primis
604 3469 768 3530 Mougaltius
794 3476 819 3518 at
845 3468 1050 3532 Middletonus,
1077 3469 1126 3535 qui
1142 3465 1229 3536 hujus

270 3683 313 3732 aq.
348 3669 445 3716 Acrem
474 3682 613 3717 censorem
642 3673 738 3718 nactus
766 3674 806 3718 ert
831 3675 857 3718 et
884 3671 913 3718 in
942 3668 1005 3719 aliia
1033 3667 1130 3718 multis
1150 3673 1176 3716 et
1198 3665 1228 3716 ia

270 3765 360 3815 Attico
370 3763 551 3836 dijudicando
561 3767 735 3819 Tunstallum
749 3806 759 3835 ,
771 3770 820 3840 Ep.
832 3770 865 3819 ad
873 3769 967 3821 triddt.
977 3805 988 3834 ,
1010 3769 1059 3835 qui
1074 3787 1088 3818 u
1101 3785 1165 3834 pag.
1176 3770 1226 3820 170

267 3862 331 3913 inde
350 3865 384 3913 ud
402 3867 451 3920 178
466 3868 588 3918 Atticum
609 3869 750 3935 Epicureis
760 3871 868 3922 eximit.
878 3870 959 3920 l’lura
972 3869 1041 3920 alibi
1052 3869 1130 3919 docte
1141 3883 1225 3934 expo-

265 3963 320 4014 suit
338 3969 365 4014 et
383 3966 510 4031 copiose,
542 3967 588 4019 hio
615 3986 680 4019 vero
711 3969 804 4020 omisit
828 3967 936 4035 multa,
955 3970 1059 4037 quihus
1083 3967 1224 4018 adhibiti·

263 4062 354 4132 majus
375 4065 472 4132 procul
491 4066 575 4117 «lubio
594 4084 658 4119 suae
676 4070 824 4122 sententiae
842 4071 949 4137 pondus
971 4071 1134 4121 addidisset.
