3042 5146
758 597 821 660 104

313 777 437 865 Nepos,
462 775 998 864 «necessitudinemeorum-sanxit,
1023 775 1272 842 familiaritatem

316 898 453 965 reddidit
473 899 755 987 frequentiorem»
772 900 798 962 ¹.
902 895 904 899 ’

375 1021 493 1086 Ultima
521 1019 669 1110 equidem
699 1041 716 1082 e
743 1018 865 1106 Nepote
895 1029 1017 1092 tautum
1056 1039 1120 1082 non
1151 1018 1271 1084 descri-

318 1144 392 1207 bere
411 1162 515 1229 cogor.
564 1137 700 1203 Difficile
722 1137 805 1202 enim
831 1148 877 1202 est
890 1185 900 1216 ,
925 1159 1023 1226 quum
1050 1137 1183 1204 aliorum
1206 1153 1270 1204 tra-

317 1263 451 1327 ditiones
472 1261 593 1337 desint‚
619 1257 728 1324 eadem
751 1260 923 1324 accuratius
935 1260 1028 1327 simul
1047 1274 1078 1326 et
1100 1262 1272 1351 elegantius

315 1383 451 1451 tradere.
498 1381 618 1447 iccirco
639 1379 716 1445 haec
735 1378 814 1442 milri
837 1380 869 1443 in
900 1379 1029 1469 reliquis
1057 1381 1147 1446 venia
1178 1382 1272 1448 detur

316 1508 431 1586 relirn,
456 1518 491 1572 nt
510 1506 549 1569 ad
569 1505 698 1593 Nepotis
711 1504 883 1568 orationem
903 1493 1001 1568 meam
1022 1506 1270 1575 accommodem.

362 1631 472 1724 Itaque
484 1627 628 1705 Atticus,
653 1647 734 1689 anno
752 1626 861 1691 aetatis
871 1625 1097 1713 septuagesimo
1115 1628 1270 1717 septimo,

318 1764 387 1840 post
432 1749 596 1813 interitum
638 1745 797 1812 Ciceronis
842 1745 1038 1825 undecimo,
1094 1769 1193 1836 quum
1229 1749 1270 1814 ad

318 1883 485 1937 extremam
516 1881 708 1935 senectutem
748 1890 811 1933 non
847 1868 950 1934 minus
982 1868 1134 1959 dignitate
1173 1895 1269 1960 quam

318 1993 417 2082 gratiis
434 1991 642 2079 fortunaque,
667 2011 703 2052 en
722 1989 828 2052 multis
843 1988 1097 2056 ²hereditatibns
1116 1996 1268 2081 accepta,

233 2142 238 2151 ·
318 2112 485 2190 crevisset,
508 2111 657 2196 tantique
679 2131 748 2174 usus
776 2122 854 2175 esset
881 2110 1080 2192 valetudine,
1114 2125 1150 2179 nt
1170 2137 1268 2179 annos

315 2233 444 2322 triginta
461 2229 654 2294 medicorum
678 2233 762 2318 ope³
790 2252 853 2294 non
873 2230 1078 2320 indiguisset,
1103 2213 1215 2300 incidit
1236 2237 1269 2300 in
1327 2287 1332 2294 .

319 2353 487 2428 morbum,
522 2372 616 2440 quem
649 2363 680 2416 et
707 2352 773 2441 ipse
796 2365 828 2417 et
854 2352 970 2419 medici
992 2367 1270 2445 contempserunt,

318 2476 475 2555 τεινεσμὸν
506 2471 569 2536 sive
602 2479 753 2557 τενασμὸν
782 2486 938 2562 putantes.
986 2478 1105 2544 iccirco
1130 2481 1268 2551 remedia

319 2593 431 2659 celeria
456 2593 624 2682 faciliaque
644 2596 911 2683 proponebantur.
938 2595 1150 2666 Nihilominus
1171 2627 1269 2691 quum

318 2727 379 2778 tres
400 2734 520 2778 menses
542 2713 607 2776 sinc
629 2712 701 2777 ullis
722 2713 907 2795 doloribus,
940 2728 1160 2807 praeterquam
1189 2743 1270 2808 quae

316 2857 352 2898 cx
380 2834 454 2898 mali
485 2836 646 2899 curatione
675 2835 840 2922 capiebat,
874 2837 1133 2926 consumpsisset,
1168 2840 1272 2906 subito

318 2975 382 3017 sese
403 2952 535 3018 exseruit
557 2951 602 3017 ris
626 2953 751 3031 morbi,
789 2977 868 3042 quae
889 2965 974 3020 tanta
1000 2956 1031 3020 in
1064 2979 1162 3022 unum
1185 2960 1269 3025 inte-

317 3073 433 3137 stinum
464 3074 629 3164 prorupit,
662 3087 697 3139 ut
730 3087 867 3142 extremo
899 3072 1120 3169 temporc'per
1148 3081 1270 3147 lumbos

288 3181 422 3260 ‘fistula
444 3195 544 3284 putris
567 3196 718 3284 eruperit.
767 3196 849 3263 Ante
885 3219 956 3262 raro
992 3223 1087 3289 quam
1119 3201 1180 3268 hoc
1211 3203 1272 3267 sibi

321 3323 463 3388 accidere
504 3323 598 3389 sensit
639 3322 761 3390 Atticus
779 3374 788 3403 ,
828 3323 988 3390 doloribus
1018 3326 1090 3392 cibo
1122 3325 1153 3389 in
1187 3326 1272 3392 diem

320 3448 439 3524 auctis,
485 3448 567 3510 febri
612 3447 706 3510 ctiam
735 3445 926 3525 accedente,
973 3469 1121 3534 generum
1158 3451 1271 3538 Agrip-

319 3590 415 3653 pam,
452 3567 490 3634 L.
518 3565 697 3631 Comelium
721 3566 878 3647 Balbum,
914 3567 1041 3633 Sextum
1073 3569 1272 3636 Peducaeum

321 3686 458 3751 arcessiri
480 3686 517 3750 ad
540 3709 570 3752 sc
590 3687 692 3775 jussit.
743 3688 824 3771 Quos
856 3701 888 3753 ut
917 3690 1032 3754 venisse
1054 3691 1155 3770 vidit,
1191 3691 1273 3756 hanc

363 3867 370 3898 ¹
411 3895 436 3926 c.
458 3873 524 3929 xlx.
542 3877 556 3944 ξ
575 3877 602 3927 3.
1165 3919 1168 3933 .

360 3964 370 3995 ²
411 3975 494 4024 Unius
514 3976 678 4026 mentionem
698 3976 765 4027 facit
784 3977 839 4029 cic.
859 3955 919 4027 Lib.
941 3974 1010 4027 Vll.
1024 3979 1073 4044 Ep.
1093 3978 1121 4030 9.
1145 3975 1159 4044 §
1179 3978 1204 4036 3,

358 4069 368 4101 ³
410 4078 488 4129 iltrlrl·
506 4094 576 4145 qnae
596 4097 677 4146 supra
698 4078 748 4130 lrac
767 4080 800 4129 de
812 4097 839 4129 rc
855 4081 1046 4135 annotavimus
1058 4095 1120 4145 pag.
1132 4077 1165 4130 65
1178 4082 1235 4128 nol.
1247 4081 1273 4130 7.
