3042 5146
832 651 875 716 ot

369 841 430 906 llic
452 838 563 916 enim,
585 847 712 900 auctore
734 834 863 897 fortasse
884 819 1056 906 Cicerone,
1081 845 1168 920 grato
1199 856 1327 924 semper

250 1014 261 1022 .
372 963 400 1028 ei
418 967 548 1050 pectore
570 956 774 1034 obstricto¹,
798 953 883 1042 quod
916 953 954 1018 ad
986 953 1086 1041 ipsum
1111 954 1244 1018 exsulem
1275 977 1335 1018 re-

373 1084 547 1151 vocandum
562 1081 698 1170 multum
728 1075 925 1154 contulerat,
952 1075 994 1139 ita
1015 1075 1144 1162 gratiam
1171 1088 1202 1140 et
1231 1078 1336 1140 bene-

371 1206 540 1272 volentiam
560 1201 659 1268 Attici
680 1197 843 1286 insigniter
865 1209 910 1261 est
930 1208 1092 1284 expertus,
1118 1210 1153 1262 ut
1182 1219 1331 1284 magnam

372 1339 494 1416 partem
517 1323 564 1388 illi
584 1323 736 1398 deberet,
761 1319 845 1408 quod
865 1319 899 1382 in
920 1340 1016 1401 eum,
1040 1317 1169 1385 Ciliciae
1190 1321 1332 1386 Procon-

371 1451 472 1517 sulatu
490 1449 700 1522 defunctum,
734 1444 774 1509 ob
805 1464 851 1506 res
872 1443 951 1505 bene
971 1453 1068 1529 gestas
1087 1439 1241 1530 triumphi
1264 1439 1334 1506 ho-

372 1592 462 1636 nores
484 1568 682 1633 delerrentur
696 1571 724 1629 ².

416 1690 494 1757 0010
516 1690 583 1756 fere
603 1710 723 1754 menses
746 1687 846 1752 Romi
868 1687 991 1752 Atticus
1012 1687 1142 1752 abluit³
1179 1689 1331 1776 variaque

373 1813 499 1877 interim
522 1811 633 1878 itinera
653 1809 810 1897 suscepit,
836 1806 951 1895 quibus
974 1829 1057 1872 caras
1079 1830 1146 1874 suas
1166 1806 1330 1889 Athens,

377 1932 567 2021 Corcyram,
611 1931 734 2021 aliaque
777 1932 846 1994 loca
886 1929 1009 1995 ridetur
1049 1931 1200 2000 adiissel.
1270 1934 1334 1997 vix

374 2071 478 2123 autem
502 2058 619 2123 Rornae
651 2077 726 2120 eum
750 2080 813 2122 esse
847 2054 1040 2120 intellexerat
1081 2053 1215 2136 Cicero,
1251 2055 1332 2145 quin

378 2195 506 2270 praeter
548 2177 711 2243 Tulliam⁵
751 2189 867 2241 ceteras
909 2199 975 2241 snas
1015 2197 1062 2240 res
1102 2188 1163 2240 tarn
1195 2177 1332 2264 privatas

376 2323 469 2390 quam
493 2299 678 2364 domesticas
700 2300 729 2362 ei
746 2321 849 2364 rursus
869 2298 1091 2378 demandaret,
1125 2299 1257 2363 maxime
1288 2298 1331 2362 de

374 2439 429 2490 suo
461 2423 498 2487 ud
530 2423 647 2488 exitum
677 2437 821 2512 vergente
855 2421 1070 2487 Proconsulari
1099 2429 1229 2486 'munere
1259 2422 1326 2508 ejus

374 2547 500 2613 consilia
529 2545 711 2635 efflagitans.
769 2543 918 2621 Scilicet,
954 2543 1096 2632 placebat
1124 2542 1183 2607 sibi
1217 2540 1330 2608 Cicero

374 2665 574 2732 vehementer
597 2668 638 2731 ob
658 2665 817 2756 praeclare
837 2679 934 2755 gestas
956 2666 987 2729 in
1012 2664 1123 2731 Cilicia
1143 2687 1214 2745 res,
1249 2664 1328 2728 adeo
1362 2653 1370 2662 ⁹

377 2803 409 2855 ut
430 2785 592 2877 triumpho
623 2789 652 2851 ei
676 2787 787 2875 dignae
811 2787 990 2851 viderentur
1007 2791 1036 2852 ⁰.
1061 2785 1195 2851 Maxime
1224 2797 1329 2849 autem

377 2911 486 2976 bibuli
510 2933 581 2975 eum
615 2911 792 2998 exemplum
819 2910 995 2986 excitabat,
1032 2909 1107 2996 qui,
1144 2908 1218 2973 dum
1252 2929 1332 2971 unus

375 3035 472 3099 bostis
494 3035 526 3098 in
551 3033 640 3119 Syria
665 3035 784 3112 luerat,
810 3034 921 3122 pedem
941 3034 1031 3122 portal
1052 3053 1114 3095 non
1147 3029 1217 3118 plus
1241 3041 1331 3094 ertu·

377 3153 454 3219 lerat
475 3175 569 3242 quarn
595 3153 689 3218 domo
711 3177 781 3235 sua,
818 3170 850 3221 et
882 3167 985 3219 tamen
1017 3154 1056 3218 de
1085 3151 1247 3240 triumpho
1275 3152 1328 3215 ad-

377 3275 536 3340 nitebatur
552 3279 582 3345 ⁷.
618 3275 684 3340 Nec
705 3275 960 3366 neroquidqunm
978 3296 1035 3364 per
1056 3298 1086 3339 sc
1109 3285 1243 3340 statuere
1256 3272 1331 3337 Tul-

415 3417 423 3450 ¹
465 3426 654 3479 taurania.
676 3427 700 3475 1.
724 3429 821 3494 nno.
841 3432 903 3495 aa.

412 3522 425 3554 ²
466 3528 499 3576 ai
519 3526 572 3577 All.
596 3526 654 3578 Lib.
674 3523 711 3580 V·
727 3530 777 3593 Ep.
796 3526 889 3595 5·§3

411 3619 425 3651 ³
466 3628 578 3678 llomum
596 3628 669 3678 enirn
691 3628 766 3678 venit
788 3627 946 3680 a.u.xl1.
967 3628 1026 3678 Kal.
1046 3630 1104 3681 Oct.
1128 3629 1159 3678 Α.
1181 3627 1210 3678 U.
1230 3623 1260 3677 G.
1282 3624 1330 3689 704

374 3726 423 3796 (n.
439 3731 466 3778 c.
486 3728 542 3794 so).
560 3726 626 3779 vio.
647 3728 705 3779 nia.
729 3727 777 3780 vr.
799 3731 850 3796 ap.
866 3734 894 3784 o.
914 3730 965 3800 51.

419 3817 429 3852 t
468 3829 527 3880 en.
551 3827 596 3882 rr.
621 3827 935 3900 np.1.·§al;np.e.
957 3832 971 3899 a·
994 3836 1036 3885 ro.

416 3916 429 3948 ⁵
470 3927 644 3995 End-§2

415 4017 430 4050 ⁶
469 4029 637 4098 np.e·§a.

416 4128 428 4160 ⁷
470 4131 1020 4202 uib.vl.np.s.§53tin.V11·np·
1040 4133 1141 4203 ato.
