3042 5146
686 600 750 663 125

246 779 406 869 eNepote
432 777 641 868 exposuimus.
690 777 781 862 Quod
807 779 893 844 enim
919 776 974 842 ille
1013 778 1105 842 simul
1134 780 1206 842 our'u

246 901 357 966 ceteris
398 899 542 965 conferre
575 896 735 977 noluerit,
770 899 857 962 eerni
889 898 921 961 in
951 919 987 962 eo
1008 898 1207 964 affectionem

248 1018 429 1108 quandum,
465 1018 574 1083 Attiou
609 1016 744 1080 menime
763 1017 944 1106 propriam,
970 1037 1032 1105 qua
1053 1015 1207 1082 studuerit

246 1137 407 1206 benefieiis
438 1137 499 1204 suis
525 1158 602 1225 prae
633 1135 815 1225 aequalibus
838 1136 999 1214 eminere,
1022 1150 1209 1228 metumque

247 1256 452 1322 animadverti
477 1256 666 1321 invidiosum
679 1257 896 1336 contendunt,
921 1279 960 1321 ne
971 1279 1044 1322 eun
1052 1257 1120 1322 aliis
1131 1257 1209 1322 boni

245 1378 390 1444 facinoris
401 1378 499 1467 glorie
515 1377 574 1442 sibi
593 1378 852 1446 communicanda
875 1379 956 1444 foret
971 1383 1000 1448 ¹.
1023 1380 1110 1459 Nos,
1133 1401 1206 1470 pro·

246 1499 298 1563 nul
312 1523 328 1564 n
342 1499 396 1565 tell
417 1499 618 1587 suspicione,
642 1500 852 1565 recentiorum
875 1513 1052 1566 commenta
1070 1500 1211 1593 antiquis

246 1618 395 1706 probatae
415 1618 489 1682 fidei
511 1617 713 1682 monimentis
736 1639 841 1706 neque
862 1619 1079 1708 anteponimus
1101 1642 1206 1709 neque

248 1738 496 1826 aequiparamus.
563 1737 649 1820 Quae
690 1749 793 1802 autem
825 1761 842 1800 a
877 1738 999 1825 Nepote
1034 1739 1206 1804 afferuntur

250 1858 289 1923 de
331 1856 430 1922 utrici
473 1854 665 1921 liberalitate
708 1855 871 1945 exempla,
916 1857 953 1920 iis
988 1857 1058 1922 luce
1096 1858 1212 1923 clarius

248 1980 423 2068 probatur,
459 1978 543 2067 quod
581 1976 701 2056 voluit,
736 1999 809 2042 euru
831 1999 894 2041 non
927 1978 1070 2042 fortunae
1093 1980 1211 2044 servire

251 2104 345 2170 luisse
356 2103 508 2183 solitum,
531 2101 584 2166 sed
598 2099 779 2166 bominibus
795 2105 807 2142 ²
828 2123 837 2180 3
863 2098 1034 2186 probatur,
1058 2099 1212 2188 inquam,

248 2224 347 2290 Attici
366 2221 587 2288 liberalitatem
617 2241 719 2308 neque
738 2219 961 2307 temporarium
992 2219 1083 2286 fuisse
1106 2241 1212 2309 neque

248 2345 412 2424 callidam,
435 2343 554 2433 quippe
578 2364 595 2405 e
612 2354 763 2431 perpetua
783 2354 883 2409 ortam
895 2355 1023 2410 naturae
1040 2344 1208 2424 bonitate,
1293 2410 1299 2416 ,

249 2487 328 2554 quae
348 2463 441 2530 nullis
466 2463 587 2530 casibus
607 2484 710 2552 neque
733 2477 840 2552 egetur
860 2482 967 2555 neque
998 2465 1157 2531 minuatur
1174 2472 1206 2534 ³,

249 2588 303 2654 llst
329 2588 444 2677 igitur,
469 2599 552 2653 uteo
565 2635 575 2666 ,
587 2586 671 2652 unde
693 2585 820 2675 digressi
842 2609 967 2665 sumus,
991 2598 1209 2666 revertamur,

250 2709 334 2796 quod
362 2731 397 2773 er
422 2708 528 2774 animo
551 2709 668 2799 Nepoti
698 2709 883 2787 credamus,
914 2710 1102 2789 affirmanti,
1124 2710 1211 2773 nulllr
1317 2783 1322 2790 ,

249 2827 309 2892 alil
339 2826 378 2894 de
400 2830 491 2894 euusrl
521 2831 673 2894 aerarium
708 2830 807 2897 Bruto
847 2830 989 2896 Attieum
1021 2828 1213 2896 constituere

249 2949 406 3027 noluisse,
429 2949 514 3037 quod
537 2951 638 3016 officia
662 2952 769 3017 amieis
780 2952 963 3041 praestanda
981 2951 1047 3016 sin-e
1071 2951 1212 3016 faotione

248 3068 459 3156 existimaret,
504 3068 641 3157 indeque
672 3072 790 3136 laetum
823 3094 915 3152 esse,
949 3083 986 3138 ut
1019 3072 1141 3138 Atticus
1178 3083 1221 3138 et'.

248 3202 314 3256 tum
354 3203 385 3255 et
415 3212 536 3280 semper
566 3215 584 3255 a
612 3191 726 3258 talibus
758 3215 791 3258 se
824 3193 962 3258 consiliis
993 3193 1209 3260 removerit&

249 3313 332 3378 Neve
351 3312 450 3400 magis
469 3314 636 3400 Pomponii
664 3313 895 3378 liberalitatem
915 3312 1046 3401 politico
1080 3312 1208 3378 cuidam

249 3433 377 3500 consilio
398 3433 595 3512 tribuamus,
620 3443 656 3499 ut
681 3432 713 3496 in
732 3431 824 3498 variis
855 3432 914 3496 sibi
936 3431 1087 3522 oppositis
1107 3431 1208 3521 parti-

248 3554 304 3618 bus
322 3554 474 3639 haberet,
498 3575 655 3644 quorum,
678 3554 702 3619 si
722 3567 939 3642 superassent,
963 3556 1118 3643 praesidio
1138 3556 1208 3620 sine

287 3733 296 3765 ¹
336 3741 428 3791 abbas
446 3741 480 3792 do
498 3743 535 3792 St.
553 3739 620 3791 Ileal
631 3775 641 3804 ,
661 3740 748 3792 Cesar.
765 3757 794 3804 p.
813 3737 863 3802 334
882 3755 947 3804 sqq„

285 3833 298 3861 ²
334 3841 420 3905 Nepos
438 3857 461 3892 c.
479 3839 607 3905 lmus.

287 3925 697 4008 ³c·x1.§3;o.ltt.§t‘‹

286 4025 296 4058 ⁴
335 4034 538 4106 erunqr,
