3042 5140
797 541 860 606 154

352 728 437 792 enim
457 737 618 814 perspecta
638 737 683 790 eet
694 724 852 813 integritas
872 738 904 790 et
924 727 1107 814 magnitudo
1125 730 1227 794 animi
1239 733 1310 814 tui;

351 872 455 938 nequo
476 870 533 937 ego
554 847 696 912 interme
720 861 815 937 atque
837 860 868 914 te
891 847 1064 936 quidquam
1089 847 1240 915 interesse
1253 877 1313 918 un·

351 993 446 1061 quam
464 971 539 1034 duri
557 981 681 1058 praeter
702 969 890 1035 voluntatem
916 969 1076 1034 institutae
1096 971 1198 1040 ritae:
1223 975 1310 1062 quod

352 1119 403 1162 me
422 1096 554 1161 ambitio
571 1093 725 1182 quaedum
745 1093 784 1156 ad
796 1092 952 1157 honorum
968 1091 1131 1170 studium,
1157 1105 1189 1158 te
1201 1107 1307 1160 autem

351 1218 411 1283 alia
430 1217 562 1281 minime
583 1213 840 1304 reprehendenda
860 1213 940 1278 ratio
964 1212 1003 1276 ad
1022 1211 1189 1278 honestum
1208 1214 1310 1280 otium

350 1337 614 1425 duxit-Atque
635 1337 668 1400 in
690 1337 748 1402 ista
779 1333 1037 1400 incommoditate
1068 1330 1201 1396 alienati
1227 1330 1311 1400 illius

350 1458 448 1525 animi
470 1471 501 1522 et
521 1457 629 1522 offensi
651 1456 730 1521 illud
760 1457 840 1521 inest
868 1467 974 1522 tamen
1008 1452 1190 1532 commodi,
1222 1454 1308 1544 qnod

351 1578 481 1644 etmihi
513 1592 545 1643 et
576 1579 687 1644 ueteris
713 1577 822 1642 amieis
843 1577 903 1642 tuis
936 1588 1008 1640 notn
1038 1574 1099 1639 tuit
1130 1587 1163 1639 et
1195 1576 1251 1642 abs
1274 1589 1308 1641 te

351 1696 520 1787 aliqnando
558 1699 722 1765 testificata
753 1712 806 1764 tua
838 1698 978 1763 voluntas
1007 1697 1201 1762 omittendae
1237 1721 1311 1787 pro-

351 1818 495 1900 rineiae3
533 1831 593 1899 nt,
627 1823 711 1911 quod
752 1845 814 1887 una
845 1845 908 1887 non
942 1821 1031 1900 estis,
1077 1844 1141 1886 non
1185 1822 1309 1888 diesen·

351 1945 436 2008 sione
468 1968 504 2010 no
534 1945 660 2011 dissidio
699 1958 822 2025 restro,
865 1945 918 2009 sed
957 1945 1114 2010 voluntate
1154 1967 1191 2010 ao
1221 1945 1311 2034 judi-

351 2065 401 2130 cio
429 2077 484 2131 tuo
502 2065 621 2131 factum
645 2089 707 2132 esse
729 2067 870 2131 rideatur
882 2092 904 2131 u
920 2073 948 2136 ¹.
973 2067 1207 2157 Subjuugnmus
1224 2067 1309 2134 hisce

354 2186 478 2252 tandem
501 2187 631 2276 Nepotis
659 2171 883 2267 seutentiam,¹
905 2211 967 2276 qua
1001 2187 1114 2267 simul,
1150 2190 1311 2279 quomodo

353 2307 449 2372 ceteri
481 2307 624 2394 aequales
647 2308 686 2374 de
702 2310 840 2399 politicis
862 2313 960 2377 Attici
984 2313 1121 2378 consiliis
1153 2314 1313 2400 cogitare·

354 2430 440 2513 rint,
466 2437 584 2525 optime
604 2435 751 2503 declarat.
800 2461 821 2499 «
836 2437 904 2520 Quo
921 2437 1016 2500 fiebat
1029 2483 1038 2512 ,
1051 2459 1073 2498 >›
1097 2435 1201 2524 inquit
1211 2485 1221 2516 ,
1242 2459 1262 2498 «
1276 2451 1311 2501 ut

355 2557 422 2643 ejus
448 2558 640 2623 observantia
675 2558 821 2623 omnibns
850 2569 927 2621 esset
955 2557 1056 2620 carior
1069 2601 1078 2632 ,
1114 2577 1213 2643 quum
1243 2579 1311 2622 earu

356 2678 483 2761 officio,
515 2703 576 2745 non
607 2680 713 2746 timori
731 2700 835 2768 neque
855 2677 921 2768 spei
933 2676 1031 2741 tribui
1047 2674 1189 2741 riderent
1201 2682 1264 2742 >›².
1361 2771 1364 2778 ,

394 2892 404 2924 ¹
444 2899 502 2948 Lib.
532 2898 559 2948 I'.
585 2899 636 2964 Ep.
655 2900 699 2951 17.
717 2899 732 2962 ᾗ
750 2897 788 2960 5,
808 2902 823 2966 §
845 2901 871 2950 7.
907 2897 975 2947 Haec
991 2896 1079 2948 Tullii
1097 2899 1179 2949 rerba
1199 2900 1310 2965 Abbas,

355 2994 425 3062 Opp.
452 2997 528 3047 Tom.
556 2997 615 3049 ΙΙΙ.
640 3017 670 3064 p.
698 2997 767 3061 532,
791 2995 864 3062 534,
885 3015 900 3046 a
920 2999 1037 3049 veritate
1056 2998 1153 3064 procul
1172 2999 1310 3052 existimat

356 3093 457 3146 abesse·
474 3097 617 3148 Contendit
629 3098 721 3162 enim,
735 3094 890 3149 Ciceronem
901 3132 911 3162 ‚
930 3113 963 3149 ne
975 3099 1153 3165 Pomponium
1163 3100 1311 3152 offenderet

354 3203 439 3263 utque
450 3197 510 3268 ejus
520 3199 636 3251 vanitati
647 3198 829 3261 adularetur,
851 3196 921 3248 falso
933 3197 959 3249 ei
977 3199 1094 3250 virtutes
1113 3201 1286 3267 adscripsisse
1295 3237 1306 3264 ,

354 3313 422 3362 quan
434 3315 576 3366 nunquam
594 3299 735 3351 habuerit.
771 3297 905 3366 Vellem,
925 3301 969 3353 vir
987 3301 1082 3353 dootns
1099 3302 1195 3354 idonea
1213 3313 1311 3372 protn-

353 3393 430 3448 lisset
456 3417 517 3452 snae
535 3401 683 3452 sententiae
702 3406 876 3464 argumenta.
912 3402 990 3454 tdem
1008 3403 1114 3468 pariter
1132 3411 1214 3470 atque
1233 3406 1311 3456 Mon·
1343 3413 1347 3423 '

354 3496 455 3558 galtius
484 3501 518 3549 ud
542 3501 602 3550 nib.
620 3497 672 3554 lv,
693 3503 743 3568 Ep.
760 3505 788 3554 6.
804 3502 895 3571 (Tom.
914 3503 955 3556 11.
972 3524 1002 3571 p.
1020 3504 1085 3577 225)
1101 3508 1130 3556 in
1147 3510 1207 3574 ipra
1226 3511 1311 3560 Attici

354 3601 546 3667 excusatione,
573 3602 647 3668 quod
676 3604 716 3653 ire
743 3602 850 3668 legatus
874 3605 981 3666 nollet,
1007 3608 1057 3674 Ep.
1083 3611 1113 3661 17
1138 3609 1287 3672 significati
1301 3643 1312 3674 ,

354 3698 455 3749 miram
466 3701 520 3752 sibi
531 3701 735 3770 deprehendere
754 3706 898 3772 Pomponii
918 3707 1067 3758 vanitatem
1086 3709 1208 3764 videtur.
1224 3711 1311 3778 Equi-

355 3793 416 3845 dem
436 3816 489 3850 non
508 3819 648 3870 assequor.

394 3891 405 3924 ²
446 3902 530 3968 Nepos
549 3922 572 3953 c.
591 3901 644 3955 Vl.
664 3905 679 3972 d
700 3906 714 3956 5
737 3906 758 3959 f.
777 3907 816 3956 Cs·
836 3907 993 3958 wit-laudus
1012 3910 1046 3960 od
1067 3910 1124 3964 tib.
1143 3907 1183 3966 il.
1200 3913 1247 3978 Ep.
1268 3911 1310 3964 13.

355 3999 446 4067 (Tum.
470 3999 493 4054 Ι.
511 4022 541 4069 p.
558 4003 629 4071 490).
