2970 5144
758 493 828 580 '22

329 706 529 796 profectum,
562 724 599 768 eo
633 699 723 764 facile
752 695 939 786 pervenire,
970 705 1005 758 ut
1039 693 1071 756 in
1102 691 1283 781 aequalium

331 811 465 894 numero
488 825 591 913 ipsum
616 820 799 908 sagacitate,
821 813 966 902 judicio,
1004 811 1164 878 doctrinae
1192 812 1285 878 laude

328 970 422 1014 nemo
442 947 507 1011 lere
528 941 738 1009 antecederet.
774 935 864 1020 Quod
886 933 1014 1022 quidem
1033 932 1192 998 luculente
1203 956 1284 1022 pro-

329 1067 437 1130 batum
464 1062 578 1130 deinde
611 1083 667 1128 suo
697 1058 766 1122 loco
798 1053 993 1130 ridebimus,
1016 1051 1198 1140 pracsertim
1225 1053 1285 1116 ubi

328 1185 369 1250 de
387 1183 487 1248 Attici
505 1181 615 1248 studiis
635 1179 707 1246 datis
730 1177 825 1265 operit
837 1175 1002 1263 egerimus.
1038 1173 1100 1239 Sed
1118 1173 1166 1238 rel
1177 1172 1221 1238 sic
1232 1183 1296 1238 ta·'

327 1327 400 1369 meu
434 1301 603 1368 dolendum
636 1321 728 1388 quant
761 1297 894 1360 maxime
921 1303 989 1371 est,
1021 1306 1084 1357 taut
1113 1313 1212 1381 pauca
1242 1294 1283 1358 de

329 1425 436 1491 Attico
453 1445 526 1490 cum
542 1442 640 1511 puero
658 1434 726 1486 tum
747 1416 942 1482 adolescente
958 1414 998 1479 ab
1024 1412 1161 1502 antiquis
1189 1413 1284 1477 fuisse
1307 1509 1312 1514 ι

324 1555 455 1625 notata3
478 1567 558 1631 quae
587 1542 613 1608 si
640 1540 762 1631 plenius
785 1539 974 1627 uberiusque
994 1557 1180 1624 cognoscere
1202 1534 1282 1600 lice·

256 1677 265 1691 ⁶
325 1676 396 1741 ret,
418 1662 530 1753 procul
550 1660 649 1726 dubio
674 1659 807 1724 multum
821 1659 979 1735 facerent,
1002 1667 1038 1720 ut
1056 1656 1096 1719 de
1109 1655 1282 1750 riroetiam

324 1785 440 1850 rectius
470 1795 574 1874 posset
605 1781 784 1848 existimari.
843 1777 929 1843 Solet
959 1779 1044 1840 enim
1074 1775 1281 1840 adolescentia

323 1905 459 1970 maxime
480 1902 641 1982 indicare,
664 1903 741 1991 quid
762 1902 801 1966 de
821 1900 904 1966 virili
938 1911 1038 1964 aetate
1068 1899 1116 1964 rel
1139 1913 1281 1966 metuen-

324 2023 399 2087 dum
418 2023 457 2088 sit
477 2022 525 2087 rel
547 2021 749 2109 sperandum.
774 2019 891 2096 Nune,
910 2019 1050 2107 quamvis
1073 2018 1208 2098 inritos,
1233 2017 1283 2082 his

325 2155 487 2209 contentos
512 2164 574 2207 esse
604 2153 635 2205 et
666 2139 855 2228 ad·reliqua
883 2139 1032 2203 continuo
1066 2159 1195 2226 pergere
1226 2159 1282 2203 uos

325 2271 409 2359 cogit
428 2264 613 2355 scriptorum
637 2260 808 2327 silentium.

370 2385 418 2450 Eo
436 2385 554 2471 igitur,
576 2406 640 2473 quo
658 2383 815 2461 diximus,
845 2382 947 2448 studio
967 2383 1001 2446 in
1024 2381 1127 2447 literas
1157 2382 1280 2470 elegan-

323 2504 418 2570 tiores
437 2504 643 2585 incumbens,
668 2517 703 2570 ut
721 2506 761 2569 ab
784 2505 822 2567 iis
844 2504 976 2569 avellere
989 2505 1089 2592 ipsum
1110 2505 1191 2568 nihil
1209 2529 1279 2595 pos-

322 2635 392 2703 set,
414 2624 535 2689 ltticus
558 2623 741 2690 vicesimum
762 2623 899 2711 primum
920 2611 1027 2688 aetatis
1049 2645 1165 2688 annum
1189 2647 1280 2689 com--

320 2743 431 2830 plerit.
457 2744 646 2833 Respublica
669 2742 833 2825 Romana,
853 2743 926 2809 licet
950 2744 1082 2809 externis
1105 2745 1193 2810 bellis
1210 2770 1279 2836 gra-

317 2863 398 2927 viter
421 2884 590 2944 concussa,
613 2863 686 2928 licet
710 2861 780 2927 sinu
799 2864 904 2928 fovens
926 2863 1103 2952 perniciosa
1136 2867 1277 2934 civilium

319 2981 546 3048 dissensionum
575 2981 714 3061 semina,
753 2983 959 3048 seditionibus
999 2985 1129 3072 quidem
1159 2987 1279 3075 saepius

319 3108 424 3170 luerat
444 3105 557 3192 agitata
572 3153 581 3183 ,
602 3106 641 3169 ab
665 3105 795 3170 internis
816 3117 922 3168 tamen
956 3118 987 3169 et
1017 3104 1159 3170 civilibus
1190 3106 1280 3170 bellis

321 3225 439 3290 intacta
458 3237 625 3292 manserat.
650 3226 735 3308 Quae
753 3247 826 3290 vcro
842 3223 962 3290 Sullam
984 3226 1066 3290 inter
1089 3239 1119 3290 et
1143 3225 1276 3292 Marium

313 3347 503 3434 jamdudum
537 3347 706 3414 invaluerat
739 3349 889 3414 inuidiosa
923 3351 1106 3430 altercatio,
1139 3375 1173 3416 ea
1207 3376 1278 3418 mor

317 3469 404 3532 tanti
425 3469 454 3530 ri
477 3481 626 3556 eruptura
647 3469 813 3534 ridebatur
835 3483 866 3534 et
890 3492 963 3578 pero
987 3491 1057 3535 mor
1087 3474 1211 3562 erupit,
1243 3488 1277 3538 ut

315 3610 423 3654 rerum
446 3599 561 3656 statum
592 3613 692 3680 paene
705 3603 806 3656 totum
820 3602 1014 3656 converterat
1036 3605 1066 3656 et
1087 3592 1179 3657 letale
1200 3594 1276 3657 civi-

314 3710 372 3773 tati
397 3709 509 3778 ruluus
535 3712 692 3779 inflictura
725 3725 903 3802 putaretur.
929 3715 965 3783 P.
993 3713 1172 3802 Sulpicius,
1207 3715 1276 3779 Tri·

313 3828 418 3897 bunus
435 3832 558 3912 Plebis,
570 3847 735 3922 postquam
747 3834 840 3900 Marii
853 3835 954 3900 lautor
967 3835 1070 3901 Sullae
1082 3837 1274 3925 provinciam

316 3971 467 4018 unacum
491 3953 713 4021 'Mithridatico
736 3957 817 4022 bello
846 3959 1043 4026 adimendam
1069 3985 1132 4046 esse
1164 3963 1274 4026 decre-
