3042 5140
687 596 748 658 151

224 777 279 859 se,
304 780 374 868 quis
394 790 438 844 est
459 775 516 866 qui
532 776 648 866 neget?
699 774 783 840 Giris
814 773 913 840 civem
939 772 1058 850 odisse,
1094 793 1178 836 oom-

224 925 354 970 muncm
375 922 442 966 rem
465 922 537 965 suae
557 910 765 987 postponere,
801 917 954 962 summam
977 915 1083 960 rerum
1105 915 1181 959 con-

223 1022 383 1112 cupiscere
396 1031 551 1108 coeperat.
577 1017 711 1084 Virtutis
729 1016 828 1083 aritae
840 1039 954 1082 nomeu
971 1028 1181 1092 remanserat,

224 1145 290 1234 ipsa
317 1141 459 1206 universe
490 1142 556 1205 fere
584 1144 649 1204 erat
682 1141 841 1206 exstincta.
910 1141 937 1206 l
968 1137 1181 1205 Gracchorum

224 1263 298 1328 inde
321 1275 461 1351 tempore
481 1272 644 1327 tantarum
672 1259 884 1325 calamitatum
907 1259 1034 1324 initium
1066 1258 1185 1324 ducen-

224 1383 312 1450 dum.
360 1379 450 1463 Quod
470 1380 504 1444 hi
524 1379 674 1444 laudabili
696 1379 799 1443 studio
822 1379 1044 1457 instituerunt,
1076 1377 1108 1442 id
1129 1397 1181 1442 cc-

226 1503 286 1569 teri
304 1501 454 1590 deinceps
479 1481 637 1579 Tribuni,
661 1502 789 1567 avaritia
822 1503 955 1568 maxime
985 1503 1185 1590 partiumque

226 1624 333 1688 furore
360 1621 473 1700 ducti,
492 1621 580 1706 ⁸male
601 1621 715 1690 imitati
736 1636 827 1701 sunt,
853 1619 909 1702 ut,
934 1613 1065 1690 Senatus
1088 1619 1186 1710 Opti-

226 1756 409 1832 matumque
424 1742 605 1809 auctoritati
630 1765 692 1807 sese
715 1755 930 1832 opponentes,
956 1741 1184 1831 rempublicam

227 1865 462 1930 conturbarent.
511 1863 592 1928 lude
624 1875 715 1927 natae
735 1863 878 1952 altaeque
899 1863 1005 1929 civiles
1021 1863 1093 1928 illae
1112 1885 1187 1928 con·
1212 1859 1217 1869 ’

229 1987 405 2064 tentiones,
431 1983 504 2049 inde
526 1995 657 2049 cruenta
681 1981 861 2062 illabata,
887 2007 967 2073 quae
996 2007 1069 2050 cum
1101 1983 1188 2048 labe·
1260 2065 1268 2076 Ι

227 2103 342 2170 factata
363 2103 488 2169 civitate
508 2103 687 2170 libertatem
708 2116 946 2194 oppresserunt,
961 2103 999 2169 ad
1012 2125 1184 2192 paucorum

228 2248 301 2289 reru
313 2225 511 2292 dominatum
536 2224 798 2312 tyrannidemque
818 2224 899 2290 riam
918 2247 971 2289 sua
989 2236 1098 2312 sponte
1110 2235 1188 2309 stra·

229 2357 349 2412 rerunt.
400 2343 513 2431 Erupit
535 2349 673 2432 primum
695 2345 788 2411 Marii
832 2346 999 2436 Sullaeque
1028 2346 1190 2412 ambitiosa

228 2462 412 2542 altercatio,
436 2464 558 2530 funesti
596 2465 723 2532 demum
745 2465 838 2556 hujus
859 2469 988 2534 victorii
1017 2471 1051 2534 in
1070 2469 1189 2559 patriae

227 2609 386 2652 summum
406 2587 630 2654 detrimentum
655 2589 821 2679 dirempta.
871 2589 983 2656 Secuta
1005 2602 1050 2654 est
1076 2587 1187 2654 Catili·

228 2709 314 2802 uarla
352 2709 549 2796 conjuratio,
596 2733 675 2800 quae
707 2711 732 2774 si
761 2708 853 2801 plane
883 2710 1078 2788 invaluisset,
1115 2733 1189 2797 quas

230 2830 329 2894 Roma
355 2813 462 2896 suisset
495 2831 598 2898 clades
631 2853 796 2921 perpessa,
829 2853 922 2896 nemo
945 2831 1037 2894 facile
1066 2828 1190 2900 dixerit.

229 2953 354 3018 Divitiis
365 2953 426 3018 suis
438 2953 526 3017 abusi
541 3004 550 3032 ,
566 2977 637 3018 mor
658 2954 875 3042 largitionibus
893 2953 946 3018 alii
957 2975 1049 3042 supra
1070 2953 1145 3017 alios
1157 2977 1187 3019 se
1272 3031 1279 3044 „

228 3075 337 3140 efferre
351 3087 524 3162 coeperunt
535 3086 567 3138 ct
588 3097 739 3138 summam
761 3097 866 3138 rerum
891 3075 1044 3163 oppressis
1066 3073 1185 3160 legibus

229 3195 385 3262 affectare.
410 3195 597 3284 Pompcjum
610 3197 769 3262 aemulum
789 3197 864 3261 vicit
876 3197 1003 3261 tandem
1024 3196 1134 3262 Caesar
1156 3210 1188 3261 et

230 3341 334 3384 rerum
366 3317 446 3384 solus
480 3321 598 3407 potitus
633 3319 752 3408 primus
786 3317 985 3404 tyrannidem
1019 3317 1185 3396 fundarit,

233 3462 328 3529 quam
349 3427 423 3530 post'
442 3439 617 3508 eumbr'evi
630 3441 794 3506 intervallo
818 3441 972 3528 Augustus
990 3453 1021 3505 et
1041 3441 1188 3532 deinceps

232 3563 328 3626 ceteri
351 3563 561 3652 imperatores
592 3564 717 3627 firmare
747 3576 777 3628 et
797 3562 934 3628 stabilire
963 3561 1095 3651 pessimo
1129 3588 1189 3654 pu·

232 3683 315 3750 blico
344 3687 477 3773 aggressi
514 3699 596 3753 sunt.

280 3803 353 3869 Fuit
365 3804 443 3871 baec
467 3806 659 3896 reipublicae
678 3807 835 3871 Romanae
857 3805 1018 3884 conditio,
1045 3829 1105 3895 qua
1129 3808 1189 3874 lt-

234 3927 312 3992 licus
334 3928 548 4020 riritwactate.
601 3932 653 4011 ls,
699 3933 807 4042 poturi
839 3931 923 4017 pacis
947 3931 1193 4007 amantissimus,

234 4071 357 4113 morum
387 4041 539 4117 avitoru‘m
582 4056 764 4143 priscaeque
802 4054 923 4120 virtutis
955 4054 1191 4119 studiosissimus
