3042 5146
777 581 841 644 124

324 766 389 836 Sed
409 767 458 834 rel
481 767 525 832 sic
547 776 651 828 tamen
675 758 797 826 Atticus
819 779 881 846 qua
901 756 1061 845 inceperat
1084 757 1133 822 rial
1157 756 1281 822 fortiter

325 888 496 980 pergebat,
520 898 551 950 et
568 885 615 950 sui
630 881 747 971 judieii
773 880 904 969 potius,
927 879 1003 969 quid
1034 902 1065 944 se
1092 880 1195 946 faeere
1224 904 1281 970 par

323 1022 423 1087 esset,
447 1006 651 1082 intuebatur,
676 1025 770 1090 quam
788 1000 865 1090 quid
884 999 937 1064 alii
954 999 1112 1066 laudaturi
1134 1000 1236 1066 lorent
1248 1007 1277 1070 ¹.

323 1128 457 1194 Reverso
490 1125 627 1212 denique
650 1123 683 1186 in
713 1121 836 1186 ltaliam
866 1120 1025 1199 Antonio,
1058 1121 1280 1210 proscriptioni

323 1249 391 1336 ipse
402 1256 563 1335 exemptus
574 1293 583 1322 ‚
595 1241 676 1308 nihil
694 1264 767 1308 eum
779 1242 865 1308 aliud
880 1244 976 1333 egisse
995 1245 1159 1322 norimus,
1185 1267 1281 1334 quarn

325 1378 360 1436 ut
381 1365 547 1454 plurimis,
575 1363 689 1453 quibus
707 1363 801 1428 rebus
811 1375 933 1451 posset,
958 1377 1035 1430 esset
1054 1364 1191 1444 auxilio,
1214 1385 1280 1454 quo

325 1499 433 1575 aperte
445 1485 640 1561 declarabat,
659 1507 722 1550 non
743 1506 829 1550 secus
841 1487 1016 1552 absentium
1028 1510 1121 1574 quam
1134 1509 1280 1577 praesen·

326 1605 406 1672 tium
424 1623 531 1668 curam
553 1625 621 1668 ase
641 1604 752 1670 heberi
765 1610 793 1672 ².
820 1605 906 1672 llaec
927 1607 1022 1695 igitur
1044 1608 1149 1672 omnia
1167 1608 1193 1672 si
1214 1607 1279 1672 col·

325 1723 472 1811 ligimus,
497 1745 560 1788 uon
581 1735 683 1813 potest
697 1747 760 1790 non
781 1725 1059 1814 eximiaqusedam
1072 1728 1161 1794 nobis
1181 1728 1280 1794 rideri
1328 1789 1331 1794 .

325 1843 491 1934 Pomponii
508 1842 700 1923 liberalitas,
724 1855 756 1909 et
784 1867 820 1910 er
849 1844 954 1911 auimo
991 1846 1108 1936 Nepoti
1140 1861 1280 1914 nostrum

325 1964 481 2032 caleulum
493 1962 675 2051 adjiciemus
689 2013 698 2043 ‚
722 1967 882 2046 narranti,
905 1990 1066 2058 uunquam
1077 1990 1147 2036 eum
1160 1971 1280 2036 floren-

327 2096 411 2162 tibus
435 2116 466 2160 se
490 2093 659 2160 venditasse
671 2140 682 2172 ,
706 2093 757 2158 sed
777 2094 899 2162 afflictis
920 2116 1041 2184 semper
1051 2097 1236 2162 succurrisse
1250 2101 1280 2164 ³.

380 2212 496 2294 Quodsi
516 2233 587 2276 vere
611 2234 684 2275 eae
715 2213 804 2278 nobis
834 2214 990 2303 disputata
1021 2228 1115 2296 sunt,
1138 2254 1184 2268 -·-
1204 2216 1281 2305 quid

328 2333 456 2403 tandem
478 2331 609 2419 Nepotis
641 2344 735 2422 atquc
765 2331 924 2398 ciceronis
956 2335 1051 2414 fidei,
1087 2359 1148 2424 qua
1177 2337 1280 2402 omnia

327 2456 493 2534 nituntur,
520 2453 722 2542 pertinaciter
751 2453 968 2520 reluctemur?
992 2492 1033 2506 —
1056 2454 1218 2521 incondita
1249 2469 1280 2522 et

327 2576 438 2652 frirola
454 2575 553 2642 rideri
578 2573 668 2639 nobis
686 2595 796 2640 corum
828 2575 981 2640 sententia
1012 2573 1122 2654 debet,
1158 2576 1215 2665 qui
1247 2574 1280 2640 in

326 2696 473 2762 omuibus
496 2692 580 2773 illis,
613 2715 692 2781 quae
721 2693 815 2758 modo
849 2695 1080 2774 recensuimus,
1114 2695 1280 2786 Pomponii

329 2816 491 2885 beneficiis
513 2813 595 2878 nibil
613 2813 705 2878 laude
728 2813 857 2902 dignum
876 2838 908 2879 se
926 2815 1066 2881 invenire
1087 2813 1281 2883 contendunt

328 2951 360 3004 et
385 2937 526 3001 Atticum
549 2935 586 2999 iis
609 2948 835 3012 annumerant,
859 2937 934 3026 qui,
961 2950 995 3003 ut
1025 2959 1097 3004 cum
1131 2935 1280 3002 Cicerone

319 3059 542 3148 usquamst,
567 3070 714 3122 nontam
744 3060 855 3125 naturai
888 3054 1051 3137 liberales,
1087 3077 1180 3146 quam
1203 3077 1280 3145 qna·

326 3182 398 3245 dam
420 3176 640 3268 gloriiducti,
665 3189 699 3242 ut
717 3177 852 3242 benefici
863 3176 1047 3257 videantur,
1069 3175 1280 3244 faciuntmul·

328 3315 358 3367 ta
371 3351 381 3382 ,
407 3321 487 3390 quae
516 3296 672 3387 proficisci
696 3297 736 3364 ab
765 3298 972 3363 ostentatione
993 3298 1113 3385 magis,
1148 3319 1280 3384 quamn

327 3421 485 3488 voluntate
508 3418 681 3482 rideantur.
733 3418 880 3481 Refertur
903 3416 966 3482 buc
988 3416 1150 3508 inprimis
1183 3417 1280 3483 urrici

329 3543 360 3612 in
386 3563 419 3604 re
441 3535 708 3624 tyrannicidarum
730 3535 841 3625 agendi
867 3537 970 3616 ratio,
993 3537 1032 3603 de
1052 3560 1114 3626 qua
1139 3559 1194 3604 suo
1211 3536 1281 3604 loeo

364 3714 373 3753 ¹
413 3715 917 3786 Neposc‚1ll.§6‚7;c.ll.§l.

362 3822 372 3860 ²
413 3818 594 3889 mill-§50

363 3911 374 3944 ³
413 3919 580 3990 c·lll.§d'.

364 4014 373 4053 ⁴
414 4017 471 4077 cre.
489 4021 585 4092 senff
602 4022 660 4074 urs.
678 4018 704 4072 1.
720 4039 746 4073 ο.
763 4017 885 4088 ruse.
