2970 5144
791 537 833 598 38

331 740 423 784 omne
441 701 602 809 petitionis
622 730 654 789 et
671 715 766 806 ipsius
798 711 982 782 Consulatus
1014 727 1140 806 tompus
1170 717 1291 786 Romae

328 839 465 919 mansit,
488 861 547 904 nec
567 837 733 928 prudentii
750 835 850 902 solum
871 837 924 901 sui
946 835 1150 927 consiliisque
1170 838 1203 903 in
1225 841 1286 905 du-

328 957 389 1024 biis
411 971 442 1025 et
462 960 668 1026 difficillimae
690 971 818 1025 naturae
855 961 948 1026 rebus
983 959 1129 1027 Ciceroni
1163 977 1286 1052 praesto

324 1081 417 1147 luisse
437 1083 582 1162 ridetur,
602 1082 655 1148 sed
677 1103 711 1146 ro
729 1081 824 1149 etiam
848 1082 1008 1168 praeclare
1022 1103 1151 1171 operam
1173 1105 1283 1150 naras-

323 1225 382 1283 se,
423 1204 512 1292 cujus
535 1203 666 1294 quidem
688 1202 749 1268 hoc
774 1203 894 1291 insigne
922 1204 1027 1291 putari
1057 1202 1282 1270 documentum

325 1337 476 1395 meretur.
524 1326 629 1411 Quum
642 1325 725 1390 enim
748 1323 820 1402 ille,
843 1321 1034 1389 Catilinarils
1055 1326 1170 1404 rebus,
1193 1326 1285 1390 nobi-

327 1443 456 1513 lissimos
489 1469 631 1537 quosque
675 1447 835 1538 Equestris
879 1448 995 1514 ordinis
1025 1449 1056 1512 in
1091 1447 1285 1516 Concordiae

325 1567 434 1632 aedem
471 1566 532 1634 hoc
566 1569 727 1658 proposito
759 1583 954 1636 convocasset
968 1619 978 1650 ,
1015 1582 1048 1634 ut
1082 1591 1283 1637 communem

325 1688 441 1756 deindo
460 1712 526 1756 rem
541 1713 613 1756 curn
626 1690 744 1788 Senatu
765 1692 931 1772 facerent,
955 1690 1103 1771 Atticus,
1121 1693 1177 1782 qui
1198 1691 1283 1759 haud

328 1809 473 1876 infimum
505 1812 621 1902 gratiae
653 1811 755 1878 locum
779 1812 863 1902 apud
885 1835 954 1878 suos
980 1815 1130 1894 tenebat,
1154 1835 1284 1904 congre·

325 1935 403 2022 gatis
422 1935 553 2000 incliro
589 1931 769 2023 Capitolino
807 1933 976 2022 Equitibus
1008 1933 1135 2023 signifer
1167 1933 1285 2002 exstitit

325 2057 576 2144 acpriuceps¹,
616 2066 710 2145 atque
739 2055 782 2118 ita
811 2053 985 2144 plurimum
1019 2055 1185 2122 contulisse
1219 2057 1284 2122 dici

324 2176 418 2248 debet
438 2175 475 2242 ml
490 2175 677 2265 praesidium
702 2175 779 2240 illud
801 2185 867 2240 tum
893 2173 1116 2242 Ciceronitum
1129 2179 1282 2268 reipubli-

325 2320 379 2364 cae
401 2297 497 2363 etiam
520 2296 651 2363 salutare
674 2296 942 2363 constituendum.
992 2296 1098 2362 Attico
1122 2297 1217 2387 igitur
1228 2320 1281 2363 sun

323 2441 496 2509 magnaque
532 2419 644 2484 merita
672 2419 852 2508 assignanda
884 2417 1052 2498 ridentur,
1083 2419 1160 2500 uhi,
1196 2421 1277 2510 quod

324 2539 427 2604 Plinio
446 2549 617 2628 praeliante
640 2540 732 2605 statui
754 2540 819 2604 fero
849 2539 957 2619 solet,
1002 2539 1161 2609 Ciceronis
1189 2546 1282 2633 operit

323 2664 442 2729 facturn
472 2664 564 2730 luisse
600 2663 759 2742 creditur,
780 2676 814 2727 ut
838 2661 917 2728 ordo
945 2661 1097 2750 Equester
1119 2683 1191 2727 cum
1224 2661 1281 2729 Se-

326 2803 401 2854 natu
422 2787 569 2875 conjungi
591 2799 623 2851 et
642 2799 793 2874 tanquam
818 2784 947 2850 tertium
969 2783 1001 2848 in
1025 2783 1191 2874 republica
1212 2805 1281 2848 cor·

323 2931 382 2996 pus
402 2908 534 2976 stabiliri
558 2919 688 2998 coeptus
706 2909 785 2976 sit.²

368 3029 552 3097 Triennium
588 3029 681 3096 fere³
716 3031 749 3095 in
778 3032 883 3123 patria
920 3030 1000 3096 urbe
1027 3044 1190 3112 moratus,
1222 3032 1280 3102 At·

360 3204 367 3236 ¹
410 3214 463 3264 (tic.
482 3215 583 3268 adAu.
600 3213 660 3266 tib.
679 3211 721 3268 Η.
738 3215 788 3282 llp.
806 3217 832 3268 1.
851 3215 864 3283 §
885 3219 922 3278 7,
943 3215 1019 3282 adq.
1037 3213 1057 3266 l.
1076 3214 1279 3280 ridellongal·

320 3318 395 3377 lius,
413 3319 490 3369 Turn.
510 3319 533 3368 Ι.
551 3335 580 3384 p.
599 3320 646 3372 301
671 3335 714 3385 oq.
736 3316 783 3368 Cli.
802 3315 1075 3383 Cic.1’lil.ll.c.7;
1095 3316 1279 3368 lliddletonus

318 3415 337 3464 l.
357 3414 378 3466 l.
395 3417 471 3466 Tom-
492 3415 515 3468 Ι.
534 3436 562 3485 p.
583 3416 648 3482 1843
665 3417 826 3468 Wiolnndus
850 3418 927 3469 Tem.
948 3417 972 3470 l.
988 3436 1018 3484 p.
1034 3418 1083 3470 62.

356 3507 367 3538 ²
408 3517 478 3570 utro.
495 3519 531 3568 rr.
546 3518 582 3569 Ν.
599 3518 659 3568 nin.
679 3515 797 3568 arrrtr.
815 3535 839 3568 ο.
859 3518 884 3569 a.
902 3515 1097 3570 oneremur.
1110 3517 1189 3570 ιν...
1201 3523 1227 3572 r.
1250 3517 1278 3585 τ,

322 3618 392 3668 Plit.
413 3617 452 3670 ll.
469 3636 495 3669 c.
510 3622 537 3672 8.

358 3714 370 3748 ²
410 3720 485 3772 Effici
514 3721 565 3772 hoc
581 3721 646 3772 inde
664 3720 765 3790 possit,
784 3722 859 3788 quod
883 3729 945 3772 ante
965 3723 1013 3788 Ep.
1032 3722 1096 3785 12,
1132 3722 1278 3788 ipsiottol.

322 3820 385 3872 lan.
405 3822 437 3871 Α.
448 3822 479 3872 U.
490 3822 519 3875 C.
535 3821 585 3874 693
603 3820 649 3890 (A,
662 3823 690 3872 C.
700 3823 746 3888 61)
765 3819 925 3888 scripturn,
949 3819 1027 3870 nulla
1046 3818 1124 3886 prior
1141 3819 1277 3887 reperitur

324 3911 464 3970 Ciceronis
482 3918 517 3970 ad
543 3919 661 3972 Atticum
683 3919 823 3987 Epistola3
843 3937 1012 3987 quamquam
1044 3920 1128 3971 simul
1161 3920 1277 3971 dubium

326 4018 422 4072 videri
442 4019 541 4086 dubet,
561 4037 647 4071 aranon
667 4037 719 4071 nna
737 4019 780 4072 orl
801 4019 894 4085 pluras
923 4020 1079 4086 Epistulae,
1101 4027 1162 4071 aule
1182 4021 1230 4086 ep.
1249 4021 1279 4071 tt
