3042 5146
892 471 934 530 Q

430 647 560 732 Larnorii
593 661 857 727 commorantem,
894 671 955 713 sese
990 651 1144 731 contulit,
1181 677 1248 743 quo
1287 657 1398 720 melius

429 791 510 859 quae
527 782 624 834 essent
645 768 684 836 de
697 770 857 860 republica
881 773 1009 839 consilia
1022 776 1174 864 capienda
1196 778 1399 847 deliberaret

430 903 459 956 et
481 891 520 956 ad
539 893 733 981 exsequenda
756 917 899 982 praesens
918 895 1053 963 Brutum
1076 915 1199 988 urgeret
1217 905 1249 970 ¹.
1306 903 1397 969 Idem

429 1015 623 1102 aliquamdiu
645 1027 714 1102 post
735 1014 767 1078 in
789 1016 893 1079 animo
918 1015 1030 1082 habuit
1043 1065 1052 1095 ,
1077 1020 1126 1084 sed
1149 1025 1311 1110 temporis
1325 1047 1397 1089 eum

429 1134 577 1220 iniquitas
597 1157 613 1196 a
636 1135 797 1222 proposito
817 1136 984 1202 absterruit
999 1143 1028 1206 ².

473 1255 520 1320 lle
544 1255 634 1320 Bruti
652 1268 683 1320 et
713 1258 812 1322 atrici
843 1259 1065 1345 conjunctione
1098 1264 1249 1351 quoniam
1284 1267 1402 1354 dicere

426 1351 523 1445 exorsi
543 1401 670 1459 sunaus,
695 1403 734 1444 ne
755 1361 960 1462 omittamus,
982 1385 1065 1472 quod
1088 1381 1171 1450 haud
1203 1389 1271 1452 scio
1305 1413 1347 1453 an
1377 1411 1392 1450 a

425 1501 512 1566 nullo
544 1500 606 1564 alio
638 1515 764 1567 auctore
795 1515 919 1590 praeter
950 1503 1104 1593 Nepotem
1136 1511 1319 1574 memoriae
1355 1481 1400 1574 sit¹

423 1619 596 1713 proditum.
645 1621 736 1686 Haud
757 1621 800 1686 ita
829 1621 928 1688 multo
956 1636 1026 1711 post
1061 1623 1198 1692 Caesaris
1229 1649 1393 1696 nenerna

422 1877 545 1937 quantur
551 1909 561 1936 ,
582 1873 664 1923 verbe
675 1887 681 1921 t
695 1871 889 1946 «Excogitatum
902 1885 961 1923 eata
972 1873 1131 1941 quibasdam»
1146 1873 1208 1922 roll·
1228 1891 1279 1939 per
1294 1891 1324 1924 se
1334 1891 1389 1940 -po-

423 1969 474 2020 sita
493 1976 555 2021 snut
571 1985 620 2020 nee
639 1976 701 2042 apte
719 1967 865 2020 cohaerent
881 1945 945 2022 oum
965 1971 1203 2043 antecedentibus,
1230 1977 1262 2020 ut
1292 1977 1391 2038 aperte

420 2071 518 2138 copula
536 2070 672 2136 quaedam
692 2071 880 2134 desideretur,
900 2089 953 2148 (ψει
968 2071 1050 2120 verba
1069 2053 1126 2121 illi
1139 2088 1202 2122 eum
1214 2071 1250 2120 iis
1269 2077 1390 2120 nectan-

418 2178 482 2231 tur,
501 2185 571 2234 quae
586 2169 677 2235 priori
697 2169 756 2222 loeo
775 2179 886 2222 narrata
908 2179 979 2222 suut.
1007 2168 1104 2240 Itaque
1117 2173 1156 2222 aio
1174 2171 1285 2234 legam:
1308 2169 1386 2220 «Se-

425 2252 502 2318 batum
536 2282 573 2320 eal
605 2269 678 2319 illud·
714 2271 799 2321 Occiso
832 2271 956 2336 Caesare,
986 2297 1021 2309 -
1051 2273 1132 2323 adeor
1154 2273 1302 2325 convertisse
1321 2287 1332 2330 ‚⁸
1351 2269 1388 2317 ¹¹¹⁶

421 2373 459 2449 M,
478 2375 553 2425 ttrnto
579 2395 635 2424 urna
654 2387 704 2438 est,
725 2383 752 2422 ut
779 2373 847 2421 nullo
883 2373 930 2422 itte
960 2373 1100 2424 adolescens
1126 2402 1160 2415 -
1179 2377 1203 2424 r'n
1233 2378 1351 2428 convictu
1364 2391 1376 2435 ‚·

422 2477 581 2539 excogitatum
604 2485 641 2525 ert
658 2493 671 2522 a
688 2472 869 2542 qniluedam'',
890 2469 952 2521 rell.

461 2603 470 2636 1
509 2546 901 2643 manturanen(

456 2672 467 2706 ¹
508 2680 567 2732 Lib.
585 2666 640 2728 xv.
660 2680 709 2744 up.
728 2681 754 2729 e.
773 2677 788 2744 t
807 2666 839 2742 a,
858 2679 907 2742 ap.
925 2679 950 2728 o.
970 2676 1031 2744 tn,
1053 2677 1118 2765 unp:
1140 2680 1281 2746 «ruqura
1295 2681 1383 2746 egens

417 2787 463 2828 tna
483 2797 569 2844 quum
590 2780 683 2838 tristi,
702 2783 759 2848 tuum
781 2781 865 2825 etiam
885 2776 993 2826 difficili
1023 2777 1057 2825 ad
1083 2778 1286 2830 consiliandum
1305 2781 1384 2845 lega·

418 2850 508 2941 tione,
527 2877 703 2928 vehementer
719 2882 854 2942 exspecto.
892 2877 1020 2926 Esteuim
1032 2877 1274 2944 inexplicabilis”.
1314 2884 1383 2930 liaeo

420 2959 502 3054 rerba
516 2982 679 3046 interpretes
697 2976 753 3026 lere
772 2977 811 3026 ita
826 2976 1017 3040 explicuerunt
1030 3013 1040 3040 ‚
1059 2978 1137 3043 quasi
1151 2980 1242 3031 Attico
1254 2983 1282 3030 iu
1296 2999 1377 3032 aueu-

387 3127 392 3136 .
417 3091 471 3150 tem
491 3083 607 3134 venisset
627 3081 768 3146 legationem
787 3047 899 3144 mide„
918 3076 999 3145 cujus
1016 3077 1156 3143 praesidio
1178 3080 1320 3130 commode
1339 3082 1375 3129 ab

418 3161 486 3237 babo
517 3184 622 3234 abesset
649 3198 698 3230 neo
715 3180 857 3230 interesset
889 3177 1021 3227 uirilibus
1041 3176 1197 3228 discordiis.
1234 3165 1283 3227 'sea
1303 3185 1379 3228 recto

415 3250 486 3356 oidrt
509 3280 694 3345 Mongultins‚
719 3280 797 3329 Tom.
814 3275 867 3326 VI.
887 3295 917 3341 p.
942 3275 992 3328 259
1021 3293 1082 3342 sqq.
1091 3312 1099 3338 ,
1120 3294 1214 3326 vocem
1231 3278 1374 3342 legationem

416 3381 524 3450 ludicre
545 3398 601 3430 esse
623 3377 740 3446 positam
762 3396 812 3446 pro
832 3379 1023 3442 allegationem,
1043 3385 1073 3427 nt
1098 3379 1157 3428 Lib.
1175 3376 1250 3446 ΧΠ.
1269 3381 1317 3445 Ep.
1337 3383 1393 3451 19¹.

417 3480 466 3550 §d
493 3483 574 3548 legata
599 3497 650 3548 pro
676 3480 781 3544 allegata
806 3475 920 3542 legitur.
955 3466 1097 3540 mongalei
1124 3465 1215 3526 autem
1243 3481 1376 3528 sententia

415 3583 477 3632 ideo
495 3582 576 3631 etiarn
599 3579 670 3630 mihi
689 3577 904 3628 commendanda
924 3577 1056 3639 videtur,
1074 3577 1147 3642 quod
1176 3579 1233 3626 bib.
1254 3576 1309 3630 XV.
1328 3581 1377 3646 Ep.

414 3687 447 3736 10
471 3683 530 3738 init.
558 3683 595 3732 sic
618 3681 771 3731 scribiturr
801 3681 843 3728 «0
869 3675 948 3727 Bruti
981 3659 1103 3726 arnnnter
1124 3678 1239 3744 scriptas
1259 3677 1373 3730 literas!

415 3786 433 3831 0
454 3784 581 3850 iniquum
602 3789 680 3832 tunm
700 3788 824 3846 tempus,
851 3779 899 3844 qui
918 3777 951 3826 ad
973 3795 1035 3825 eum
1054 3777 1094 3825 ire
1117 3779 1303 3846 nonpossis!”
1318 3798 1325 3846 ᾗ
1343 3797 1375 3828 ne

413 3885 536 3934 dicamus
559 3884 592 3932 de
610 3882 748 3932 voluntate
766 3881 866 3945 attici,
888 3897 971 3944 :parram
996 3897 1120 3930 aversam
1141 3901 1153 3929 a
1173 3881 1294 3946 publicis
1310 3901 1371 3932 rnat-

416 3985 524 4035 neribus
544 4001 650 4049 semper
669 3981 778 4034 habuit.
