3042 5140
779 631 843 690 204

334 816 440 903 pejum
461 822 653 897 sequeretur.
680 806 842 896 Significat
870 819 996 884 autem,
1022 827 1105 871 nnnc
1143 804 1290 870 continuo

334 948 454 1000 certum
486 954 548 998 esse
571 928 735 996 consilium
760 929 947 1019 capiendum
969 951 1026 994 neo
1048 951 1122 994 vero
1144 941 1292 995 eventum

335 1051 599 1141 exspectandum,
640 1050 745 1138 prouti
784 1059 873 1112 antea
900 1047 1035 1114 scribere
1068 1048 1191 1114 Atticus
1220 1037 1293 1113 soli·

337 1189 384 1242 tus
408 1174 460 1243 sit.

380 1299 512 1367 XXXV.
549 1298 698 1382 Ὑπέρευέ
751 1296 837 1384 [Lib.
879 1297 919 1363 X.
956 1296 1016 1383 ΕΡ.
1045 1299 1077 1365 l.
1102 1301 1119 1382 §
1144 1295 1190 1381 3.]
1218 1295 1293 1361 Fuit

336 1419 414 1484 haec
432 1419 560 1482 'crebra
592 1409 759 1504 Pomponii
790 1418 824 1480 in
854 1416 1001 1504 Epistolis
1033 1421 1222 1499 ἐκφὼνησις,
1259 1428 1294 1480 ut

338 1536 448 1602 Cicero
477 1547 587 1613 vocat,
623 1558 684 1623 qua
717 1557 748 1600 se
779 1534 871 1623 hujus
899 1534 1049 1600 delectari
1078 1533 1214 1600 consiliis
1243 1534 1293 1598 in-

338 1658 470 1726 dicaret.

385 1777 533 1844 XXXVI.
559 1779 758 1859 ’Ἀμπνευμα
781 1780 892 1858 σεμνὸν
914 1775 1081 1857 Ἀλφειοῦ.
1109 1776 1195 1862 [Lib.
1221 1775 1294 1842 XII.
1397 1761 1405 1770 ⁶

506 1875 514 1888 ἱ

339 1903 398 1991 ΕΡ.
426 1906 458 1967 5.
494 1904 511 1985 §
546 1899 592 1984 1.]
628 1897 709 1963 Sunt
738 1895 865 1961 Pindari
893 1895 986 1960 rerba
1016 1895 1110 1963 Nem.
1132 1895 1159 1961 l.
1185 1919 1228 1961 rs.
1256 1896 1295 1972 1,

338 2023 378 2086 ab
401 2019 507 2086 Attico
527 2019 663 2086 laudate.
722 2023 732 2036 '

387 2141 552 2210 XXXVII.
577 2141 702 2206 Domus
726 2148 777 2204 est
789 2142 922 2226 forum.
954 2141 1039 2228 [Lib.
1064 2142 1137 2210 XII.
1158 2141 1220 2230 ΕΡ.
1241 2143 1297 2208 23.

343 2271 361 2353 §
395 2264 440 2350 1.]
480 2262 623 2341 Atticus,
659 2283 756 2350 quum
791 2274 859 2351 post
890 2263 1012 2329 Tulliae
1033 2274 1165 2329 mortem
1186 2264 1299 2328 frustra

338 2385 377 2449 ad
406 2405 454 2448 res
482 2383 618 2450 forenses
639 2381 821 2449 Ciceronem
843 2395 1001 2463 recesset,
1027 2405 1099 2448 eum
1121 2383 1224 2448 inerat
1242 2381 1297 2447 ad·

339 2505 503 2584 hortatus,
542 2517 601 2584 ut,
642 2503 751 2569 relicti
793 2501 885 2582 villi,
920 2503 1028 2569 saltem
1060 2502 1190 2568 domum
1232 2501 1296 2568 sire

340 2625 473 2690 Romam
494 2622 638 2701 reniret,
663 2644 795 2711 eamque
816 2621 948 2688 haberet
967 2644 1026 2710 pro
1046 2620 1128 2691 foro.

387 2742 570 2812 XXXVIII.
596 2741 791 2827 Ἐγγήραμα.
831 2740 914 2828 [Lib.
941 2740 1017 2806 XII.
1042 2740 1102 2828 up.
1130 2741 1278 2826 25.§2f
1290 2764 1298 2820 ;

343 2865 404 2952 ΕΡ.
430 2867 485 2930 29.
511 2868 528 2948 §
553 2864 599 2941 23
627 2861 688 2948 ΕΡ.
716 2862 769 2926 rt.
796 2865 813 2947 §
847 2861 893 2946 2.]
931 2859 1079 2927 Avertere
1109 2859 1194 2924 enim
1219 2860 1300 2924 ami·

342 3003 414 3048 cum
452 2980 577 3046 studens
613 3003 630 3042 a
672 2979 802 3044 consilio
843 2981 908 3045 feni
942 2978 1061 3045 Tulliae
1101 2979 1301 3057 exstruendi,
1388 2981 1392 2987 ’

343 3103 466 3168 Atticus
496 3113 651 3180 suaserat,
676 3113 714 3166 ut·
735 3101 839 3190 potius
869 3105 1028 3186 ἐγγήραμα
1054 3101 1115 3167 sibi
1137 3111 1302 3189 quaereret

342 3225 405 3290 sive
429 3224 596 3289 senectutis
614 3220 772 3310 quandam
784 3220 928 3310 requiem
940 3233 1034 3309 atque
1047 3221 1301 3288 oblectationem.

389 3343 537 3411 XXXIX.
574 3344 748 3411 Extremi.
799 3344 885 3431 [Lib.
924 3333 1094 3434 xtuup.
1129 3347 1183 3410 34.
1209 3349 1226 3429 §
1251 3340 1299 3428 3.]

342 3464 538 3554 Scripserat,
579 3460 713 3542 Silium,
761 3487 897 3552 quocum
939 3465 978 3530 de
1020 3464 1118 3530 hortis
1154 3461 1300 3530 Ciceroni

345 3585 485 3650 emendis
503 3584 543 3649 ad
565 3585 674 3650 fenum
696 3587 916 3651 exstruendum
937 3602 1062 3676 egerat,
1087 3587 1148 3654 sibi
1169 3586 1302 3662 dixisse,

343 3732 375 3773 se
414 3709 445 3772 in
484 3708 664 3774 venditione
704 3709 867 3775 hortorum
902 3711 1127 3776 detractionem
1160 3709 1303 3773 extremi

344 3829 405 3894 loci
432 3830 535 3896 facere
565 3829 668 3909 velle,
702 3831 758 3920 qui
785 3830 870 3896 locus
899 3852 939 3895 ne
966 3831 990 3894 is
1020 3830 1085 3919 ipse
1119 3842 1222 3906 esset,
1248 3847 1305 3891 cu·

340 3953 391 4037 jus
414 3972 504 4017 causa
522 3953 561 4018 de
585 3966 649 4019 tota
671 3953 902 4041 recogitaverat
918 3951 1027 4030 ,raldo
1039 3951 1170 4017 timebat
1182 3946 1303 4014 Cicero.

392 4071 459 4141 XL.
494 4072 669 4158 Reliquum
702 4076 921 4145 consularem.
992 4074 1076 4160 [Lib.
1114 4071 1206 4140 Xlll.
1242 4069 1304 4156 ΕΡ.
