3042 5140
787 600 852 664 156

340 787 454 850 Verum
467 795 511 850 est
525 779 637 862 ,ritum
656 779 855 869 tranquillum
868 792 899 845 et
915 780 1054 869 quietam
1066 781 1189 850 Atticus
1199 786 1263 873 egit
1277 834 1287 864 ‚

337 920 369 972 ot
389 904 466 969 lreeo
484 899 771 992 ejusconsuetudo,
796 900 880 990 quod
902 901 1046 966 lubenter
1066 903 1288 984 fatemur,vi-

334 1025 530 1115 tuperatione
542 1020 771 1114 quodammodo
783 1021 875 1110 dique
888 1033 956 1099 est,
979 1045 1078 1111 quum
1099 1043 1209 1113 parum
1231 1027 1289 1090 de·

336 1159 419 1212 neret
438 1146 535 1211 civem
547 1143 721 1208 Romanum
734 1141 767 1205 in
786 1141 878 1207 tentis
900 1142 1020 1230 patriae
1032 1145 1187 1208 aerumnis
1199 1145 1292 1211 otio--

335 1287 401 1333 sum
411 1287 475 1331 esse
486 1285 587 1353 neque
598 1262 630 1326 in
650 1263 715 1350 ejus
734 1261 863 1327 salutem
876 1263 962 1327 ornni
973 1264 1068 1350 operi
1078 1263 1259 1331 incumbere
1274 1291 1285 1348 3

334 1386 387 1453 sed
420 1386 544 1463 otium,
578 1405 641 1471 quo
670 1382 792 1448 Atticus
827 1381 972 1448 utebatur
985 1432 996 1461 „
1029 1382 1062 1447 in
1093 1383 1203 1472 primis
1222 1384 1287 1452 suit

306 1487 524 1586 'honestum
555 1526 617 1569 non
651 1525 722 1570 rero
752 1527 787 1569 er
819 1503 915 1570 enimi
946 1505 1063 1572 desidie
1089 1521 1121 1574 et
1143 1511 1291 1576 socordia·

335 1643 450 1697 ortum.
498 1627 688 1717 Epicureum
711 1639 845 1706 vocant,
869 1627 924 1717 qui
945 1627 1025 1694 ritae
1046 1629 1210 1728 commode
1226 1630 1284 1696 de·

333 1752 451 1844 gendae
463 1751 555 1817 uuioe
578 1747 782 1838 prospiceret.
807 1748 891 1816 Num
904 1748 998 1838 igitur
1020 1751 1147 1818 fortusse
1164 1751 1282 1820 Romae

331 1869 507 1941 adolescens
537 1872 727 1962 Pomponius
761 1871 804 1937 itu
830 1869 896 1958 jum
916 1893 980 1936 sese
999 1870 1127 1938 dederet
1150 1871 1291 1960 Epicuri.

332 1996 479 2073 seholne,
515 2007 551 2060 ut
580 1991 655 2058 hine
677 1992 778 2081 repeti
799 1993 917 2081 possit.
941 1991 1026 2081 quod
1049 1991 1140 2058 Marii
1162 2004 1193 2056 et
1210 1992 1288 2060 sut-

332 2118 380 2183 }ae
401 2131 542 2204 tempore
561 2111 699 2178 Athenas
719 2112 901 2199 trajiceret?
927 2113 985 2178 vis
998 2114 1102 2181 oredo.
1150 2116 1291 2182 Ferebnt

331 2242 374 2308 ita
404 2240 502 2305 Attici
526 2235 710 2325 ingenium,
736 2235 821 2325 quod
841 2235 967 2302 vixdum
986 2236 1113 2302 eitenus
1135 2238 1288 2327 peroipe*

330 2385 363 2427 re
384 2362 488 2451 potuit
501 2360 629 2448 idpiouri
641 2348 779 2449 pleoitri,
797 2371 831 2422 ut
854 2358 892 2422 ed
911 2357 988 2424 heoo
1009 2357 1104 2423 ritnrn
1125 2357 1217 2447 plane
1230 2381 1281 2424 re·

327 2496 413 2572 geret
434 2496 465 2548 et
485 2493 698 2571 componeret.
746 2479 837 2562 Quod
849 2488 953 2543 nutem
971 2478 1115 2543 inertiam
1128 2494 1258 2567 erepant
1269 2529 1288 2562 „

255 2672 259 2682 s
329 2627 432 2695 neque
454 2602 585 2670 Athenis
601 2601 677 2668 huie
699 2601 828 2666 sevitio
850 2599 937 2666 dedit
951 2598 1134 2665 neodeiude
1149 2599 1281 2672 Romae,

328 2727 470 2815 Utroque
501 2725 570 2789 loeo
592 2719 850 2811 occupationibus
867 2717 958 2786 rnriis
979 2742 1051 2786 eum
1068 2744 1190 2812 semper
1211 2724 1287 2790 dis·-

326 2854 447 2908 tentum
473 2842 618 2908 vidimus.
666 2841 750 2908 Num
769 2863 841 2904 vero
861 2840 993 2906 inertiae
1014 2843 1103 2908 onusti
1120 2844 1285 2931 profectus-

327 2962 464 3028 Athenns
494 2972 561 3039 est,
594 2973 629 3026 ut
660 2959 899 3026 Atheniensium
919 2961 1111 3051 reipublicae
1132 2977 1163 3030 et
1184 2966 1281 3032 saluti

324 3095 477 3172 perpetuo
490 3080 677 3148 consulendo
689 3103 861 3170 eorumque
872 3104 919 3146 res
933 3105 1038 3149 omnes
1050 3083 1252 3152 administren
1267 3129 1277 3140 ι

325 3205 365 3270 do
385 3206 467 3270 iners
488 3204 635 3271 vireret?
659 3203 747 3271 Num
766 3203 839 3268 ideo
861 3204 979 3269 Romae
995 3218 1040 3272 tot
1052 3206 1183 3297 suscepit
1194 3187 1283 3274 omi--

325 3353 432 3396 corum
468 3332 591 3420 negotiu
622 3350 751 3417 remque
779 3349 887 3394 eorum
917 3348 1041 3394 omnem
1076 3329 1252 3417 proournrit
1265 3381 1280 3410 ,

324 3461 360 3517 ut
392 3449 457 3514 otio
489 3450 574 3537 turpi
606 3447 811 3536 placidaeque
846 3449 946 3536 quieti
981 3470 1014 3515 se
1036 3450 1273 3516 committereti

323 3567 466 3634 Absurde
490 3569 631 3657 profecto
653 3579 686 3632 et
709 3567 815 3659 inepto
832 3571 984 3659 ejusmodi
995 3575 1157 3644 sententia.
1205 3576 1279 3640 Imo

323 3708 395 3751 vero
423 3687 559 3775 judicari
593 3687 665 3754 inde
697 3704 819 3779 potest,
855 3692 993 3760 Atticum
1029 3717 1093 3760 non
1121 3699 1277 3774 insertiri,

323 3811 384 3876 sed
405 3811 541 3897 judicio
565 3814 706 3903 firgo'sse
737 3815 938 3904 reipublicae
953 3819 1274 3906 procurationem&

361 4083 371 4118 ¹
409 4089 494 4153 Nepos
512 4105 537 4140 c.
558 4087 616 4140 XV.
634 4090 646 4157 t
666 4091 680 4140 3
700 4089 722 4142 f.
