2970 5144
680 594 722 660 53

215 773 308 840 Unde
330 746 506 840 item'brevi
528 771 655 852 evcnit,
680 774 856 842 utsollenni
872 780 989 867 pompei
1009 777 1042 842 iu
1066 780 1183 846 urbeur

214 893 323 962 Cicero
340 909 547 963 reverteretur
567 909 599 962 et
616 895 700 962 velut
727 919 845 976 *norem
878 899 974 964 ritem
1001 900 1177 988 conjunctis

211 1016 383 1082 amicorum
399 1016 561 1083 conatibus
585 1014 728 1083 deberet.

254 1136 390 1223 Longior
408 1135 522 1222 (fateor
544 1134 643 1215 enirn)
667 1134 715 1200 lui
737 1135 769 1200 in
793 1136 985 1224 exponendis
1009 1136 1067 1216 iis,
1091 1160 1181 1226 qune·

208 1237 249 1318 sb
271 1255 377 1320 Attico
399 1255 473 1320 inde
495 1254 536 1318 ab
558 1251 664 1320 exsilio
689 1252 850 1320 Ciceronis
866 1255 906 1320 ed
929 1257 995 1344 ejus
1018 1257 1050 1320 in
1072 1258 1169 1348 putri·

124 1462 126 1466 Ι
208 1398 257 1440 em
289 1375 426 1442 reditum
458 1375 497 1439 ed
527 1374 664 1440 amicum
699 1373 885 1440 servendum
918 1385 1000 1464 geste
1028 1375 1168 1445 fuerunt.

209 1493 250 1558 ht
269 1506 332 1559 tum
353 1515 465 1582 purum
483 1493 646 1580 utriusque
669 1491 732 1556 rita
753 1490 863 1557 divelli
882 1503 1008 1582 potest,
1034 1504 1068 1557 ut
1085 1493 1168 1558 ulte·

207 1633 278 1678 rum
298 1614 363 1677 sine
385 1613 482 1678 altero
503 1613 709 1702 contemplari
732 1611 1167 1702 rectequedijudicnrepror·

205 1756 254 1798 sus
266 1755 467 1823 nequeamus.
486 1733 596 1822 Neque
618 1754 690 1798 nero
704 1731 804 1797 ullum
827 1744 949 1821 tempus
967 1733 1052 1810 fuit,
1077 1732 1162 1822 quod

205 1853 318 1920 elarius
340 1853 483 1919 intimum
509 1874 617 1918 eorum
642 1851 888 1916 familiaritatem
918 1864 1012 1941 utque
1033 1855 1165 1940 conjun-

205 1975 355 2054 ctionem,
369 1974 452 2064 quod
466 1972 656 2040 luculentius
665 1983 858 2038 constantem
871 1983 902 2036 et
913 1984 1098 2060 perpetuum
1106 1972 1164 2038 ht-

201 2094 258 2160 tici
277 2116 350 2182 erge
363 2093 550 2161 Ciceronem
562 2093 659 2158 fidem
670 2092 861 2159 demonstret
875 2141 891 2172 5
908 2115 1002 2182 quam
1014 2093 1099 2182 ipsne
1121 2096 1161 2162 il-

162 2277 168 2286 ,
197 2213 260 2293 lue,
271 2235 347 2302 ques
357 2213 437 2292 diri,
446 2224 646 2301 tempestates
659 2262 669 2291 ,
683 2225 718 2278 ut
729 2213 806 2278 adeo
817 2211 871 2278 hic
881 2213 1011 2279 domum
1022 2236 1173 2281 reversus-

198 2335 374 2420 grutissimo
399 2332 504 2397 animo
524 2333 716 2410 affirmaret,
741 2333 773 2397 in
795 2334 927 2398 marimo
957 2334 1076 2400 loetitiu
1103 2358 1157 2404 sue

195 2465 230 2518 et
253 2448 708 2541 exoptatissimcqretulntione
741 2475 839 2518 unum
859 2453 898 2518 cd
933 2455 1166 2525 cumulandum

189 2745 267 2778 mam
297 2727 453 2796 relinquere
482 2728 625 2794 potuisse,
656 2729 811 2780 Ciceronem
831 2730 907 2780 adire
926 2729 1152 2800 Dyrrhachium,

187 2829 308 2895 indeque
324 2829 419 2880 eodem
439 2845 528 2878 mense
546 2830 662 2878 Romam
681 2828 783 2881 reverti
801 2836 828 2878 ct
842 2837 986 2895 practerea
1006 2825 1072 2882 cutio
1091 2849 1153 2882 mu-

188 2937 253 2980 ture
280 2929 329 2994 Ep.
356 2927 389 2979 25
418 2927 562 2993 accipere,
592 2943 646 2992 qna
666 2928 700 2977 ab
719 2945 750 2977 eo
768 2927 840 2994 petit
858 2928 976 2993 Cicero,
996 2935 1027 2978 ut
1044 2946 1072 2979 se
1090 2937 1165 2981 unte

187 3030 251 3081 hel.
268 3031 352 3093 lan,
370 3030 526 3095 ubicunque
545 3029 605 3091 sit,
626 3028 719 3095 ristat3
738 3026 786 3078 vel
804 3028 843 3078 sic
861 3035 954 3078 tumen
971 3025 1044 3078 nihil
1062 3016 1155 3094 impe-⁵

186 3131 240 3191 dir,
252 3131 400 3196 quominus
419 3131 556 3194 dicamus,
572 3130 695 3181 lltticum
708 3167 718 3195 ,
732 3131 822 3181 reviso
832 3128 960 3183 Cicerone
971 3127 1150 3196 Dyrrhachii,

184 3247 240 3280 uon
269 3230 382 3280 Romam
396 3265 406 3291 ,
447 3230 493 3280 sed
520 3233 555 3280 iu
580 3231 695 3294 Epirum
717 3230 855 3292 rediisse,
881 3233 1043 3296 praesertim
1062 3248 1149 3298 quum

184 3348 216 3380 ex
250 3327 366 3393 reliquis
405 3327 529 3392 epistolis
558 3333 672 3393 putent,
702 3327 823 3377 Atticum
842 3327 941 3376 hornae
958 3343 1013 3377 uon
1031 3327 1148 3391 degisse.

184 3429 256 3495 Quid
268 3427 280 3478 l
292 3427 384 3494 quod,
398 3426 527 3476 Cicerone
539 3424 686 3490 redeunte,
702 3427 731 3474 in
744 3425 826 3490 Epiro
837 3418 944 3475 uberet.
961 3427 1022 3492 lfost
1031 3443 1150 3479 conven-

184 3533 245 3576 tum
263 3525 348 3588 igitur
359 3526 513 3575 Ciceronem
527 3525 557 3573 in
576 3522 690 3590 Epirum
710 3522 796 3574 fucrit
815 3541 956 3598 reversus,
977 3544 1048 3592 quse
1066 3543 1147 3578 cnuto

183 3623 260 3685 snit,
288 3629 319 3671 ut
348 3622 470 3688 potuerit
499 3629 559 3672 tum
587 3625 671 3673 citius
698 3624 829 3690 epistolae
858 3627 995 3676 Ciceronis
1025 3627 1146 3693 occipere

184 3731 244 3774 tum
276 3723 357 3773 secile
387 3732 448 3773 ante
478 3721 539 3774 Kul'.
563 3726 625 3774 Jou.
643 3743 705 3776 euru
726 3727 831 3776 sistere.
849 3753 884 3766 -·
903 3721 993 3774 llliam
1012 3725 1145 3775 rationem

182 3823 247 3872 iniit
258 3820 415 3872 Tunstallus
433 3840 461 3889 p.
479 3823 533 3887 90,
552 3823 636 3873 verba
653 3835 706 3892 post
723 3834 787 3872 tuum
807 3841 820 3871 a
839 3843 875 3872 me
894 3825 1024 3872 disceretur
1043 3839 1142 3889 perum

181 3919 364 3987 probabiliter
384 3922 654 3990 interpretansportea
672 3941 740 3990 quam
760 3923 904 3974 uoluntatem
925 3923 957 3972 ad
977 3941 1013 3972 rue
1029 3906 1146 3973 vecordi

182 4019 303 4085 adfecisti.
401 4021 404 4030 ’
