2970 5144
830 625 873 686 28

359 803 454 893 igitur
485 802 641 867 celebrem
673 802 774 866 virum
804 823 876 867 cum
905 799 1037 879 Marco,
1058 801 1197 886 Quinto,
1218 803 1316 870 Lucio

363 921 587 1000 Ciceronibus,
619 921 767 1010 adjuncto
814 921 858 988 M.
892 920 1024 999 Pisone,
1060 920 1093 985 in
1138 921 1319 990 Ptolemaeo

360 1045 519 1134 gymnasio
554 1045 696 1111 Atticum
731 1043 883 1111 audivisse
912 1053 1031 1108 consur
1061 1043 1190 1132 ejusque
1221 1065 1326 1110 amore

361 1180 489 1256 coptum
512 1166 673 1231 familiaris
694 1165 763 1230 loco
783 1164 926 1231 habuisse
944 1167 972 1233 ¹.
1009 1163 1109 1249 Quem
1128 1177 1233 1229 autem
1254 1165 1326 1229 iru-

360 1302 446 1354 ctum
469 1287 542 1353 iude
564 1287 687 1353 Atticus
706 1287 766 1352 sibi
792 1286 994 1375 perceperit,
1016 1283 1080 1350 elio
1105 1285 1174 1350 loco
1196 1296 1325 1375 pertra-

359 1409 524 1476 ctabimus.
573 1407 636 1474 llic
658 1409 773 1474 sufficit
794 1431 867 1473 oum
892 1409 1015 1496 Nepote
1040 1405 1315 1486 animadvertisse,

361 1551 434 1594 eum
460 1527 641 1617 principum
663 1529 922 1618 philosophorum
944 1529 987 1594 ite
1002 1541 1154 1618 perceptu
1174 1527 1323 1596 habuisse

361 1662 551 1738 praecepte,
572 1663 606 1714 ut
627 1650 664 1715 iis
687 1651 725 1715 ad
747 1651 842 1714 vitem
866 1649 1045 1738 agendam,
1066 1673 1128 1715 non
1151 1651 1189 1714 ed
1214 1664 1323 1718 osten·

362 1773 512 1838 tationem
534 1777 720 1840 uterernr2.
749 1769 972 1860 Philosophiae
1000 1769 1131 1837 occessit
1162 1771 1322 1860 preeclorn

361 1896 580 1984 mysteriorum
593 1895 736 1960 doctrina
750 1944 759 1972 ,
781 1894 896 1984 quibus
909 1904 940 1957 et
955 1891 1145 1980 Pomponius
1166 1903 1197 1955 et
1208 1939 1219 1969 ,
1229 1887 1323 1979 hujus

361 2013 489 2081 sortasse
512 2015 671 2102 impulsu,
698 2011 809 2078 Cicero
831 2035 863 2078 sc
888 2011 1076 2076 initiandum
1107 2009 1239 2076 curerit.
1281 2007 1323 2076 Ut

355 2133 580 2225 'philosophice
605 2157 664 2222 ope
684 2135 825 2199 animum
848 2134 987 2200 excolere
1011 2148 1077 2200 tum
1101 2132 1213 2198 didicit
1229 2143 1260 2197 et
1283 2131 1323 2196 od

362 2259 510 2321 virtutem
532 2253 723 2335 informare,
757 2257 800 2322 sic
832 2279 869 2322 cr
900 2257 997 2322 initiis
1017 2255 1078 2323 illis
1098 2277 1167 2320 reru
1196 2278 1322 2345 quoque

362 2375 520 2464 principio
542 2375 623 2440 ritae
653 2376 823 2464 cognorit:
849 2399 951 2466 neque
976 2375 1085 2465 ¹solutu
1108 2398 1181 2443 oum
1202 2375 1320 2442 laetitio

362 2495 487 2560 risendi
509 2499 631 2586 occepit
662 2497 839 2575 rationem,
865 2496 1036 2562 sedetiam
1062 2519 1134 2562 oum
1156 2519 1211 2586 spe
1231 2495 1323 2562 meli-

364 2637 417 2680 ore
434 2615 590 2680 moriendi
606 2621 635 2684 ³.

408 2738 480 2804 Non
500 2753 603 2805 autem
626 2740 781 2805 existimet
801 2739 869 2830 quis
893 2742 1005 2821 velim,
1035 2741 1094 2808 sibi
1114 2743 1170 2806 uni
1192 2739 1323 2807 Athenis

364 2858 506 2923 Atticum
539 2859 671 2939 vixisse,
705 2859 836 2926 eliorum
879 2885 926 2928 res
962 2887 1037 2953 pree
1075 2864 1136 2929 suis
1181 2876 1322 2930 oontem-

363 2981 469 3068 psisse.
496 2979 694 3047 Contrarium
716 2985 818 3071 putuit
837 2985 903 3070 jem
924 3008 942 3049 e
963 2987 1056 3053 Marii
1072 2987 1236 3077 exemplo,
1267 2987 1322 3052 sed

363 3113 524 3190 praeterea
535 3150 544 3180 ,
556 3124 650 3189 quom
664 3102 719 3166 diu
737 3102 801 3170 illic
813 3117 858 3170 est
871 3119 1009 3171 moratus
1021 3155 1031 3185 ‚
1045 3105 1217 3195 plurimum
1229 3127 1321 3171 curae

364 3221 603 3290 Atheniensium
625 3224 817 3315 reipublicae
851 3226 988 3308 tribuit3
1011 3228 1057 3292 rei
1090 3226 1321 3291 familiariter]-

363 3359 432 3410 tum
465 3367 576 3436 operae
605 3345 715 3430 dedit,
744 3360 899 3436 quantum
945 3372 1007 3414 nou
1031 3348 1223 3436 indiligentis
1245 3359 1322 3414 esset

365 3467 635 3555 patrisfamiliesl.
661 3468 779 3552 Quibus
805 3469 933 3557 quidem
955 3470 1067 3558 opibus
1088 3473 1231 3558 magnum
1243 3489 1322 3557 pur·

365 3597 430 3651 tem
461 3587 505 3653 sic
535 3610 605 3654 usus
627 3601 692 3667 est,
713 3600 747 3653 ut
767 3609 919 3653 summum
940 3590 1000 3655 sibi
1020 3593 1148 3678 gretiam
1175 3602 1205 3656 et
1225 3590 1323 3655 bene·

407 3759 416 3791 ¹
456 3775 510 3825 oro.
529 3774 699 3827 uerrucis.
712 3773 744 3824 v.
757 3791 782 3824 c.
796 3777 820 3824 1.
839 3771 922 3838 nic,
942 3773 1022 3822 Anat.
1041 3773 1100 3824 uu.
1121 3779 1145 3824 1.
1164 3793 1188 3823 ο.
1207 3771 1232 3837 u.
1251 3772 1322 3839 prr.

401 3868 413 3902 ²
452 3877 538 3942 Nepos
554 3893 577 3926 c.
597 3871 761 3941 xV11.§3.

403 3975 412 4008 ³
452 3975 505 4026 Cic.
524 3977 553 4026 de
573 3975 647 4040 [ιαμ.
666 3971 788 4026 bibli.
806 3994 830 4026 c.
854 3974 897 4040 ld.
917 3977 930 4043 5
949 3977 1006 4040 35,
1027 3977 1074 4027 36.

405 4063 415 4098 ⁴
452 4077 537 4140 Nepos
554 4095 580 4127 r.
598 4073 726 4144 lv.§3.
