3042 5146
900 541 942 604 ⁷8

423 723 577 788 auxilium
598 719 850 799 desideraretur,
876 740 1007 809 quarum
1030 741 1137 785 curam
1159 720 1275 787 habere
1295 737 1409 816 atque

424 843 565 931 inopiam
598 840 778 930 propulsare
811 840 899 905 omni
933 840 1054 905 retione
1089 841 1171 908 nisus
1201 856 1246 908 est
1263 847 1291 914 ¹.
1359 851 1408 914 At

424 987 496 1029 vero
533 963 687 1052 paulatim
734 961 827 1026 tantis
864 961 924 1025 fuit
957 960 1195 1032 difficultatibus
1227 962 1405 1032 Ciceronis

423 1088 583 1174 negotium
615 1105 822 1172 oppressum,
849 1095 913 1148 tarn
937 1081 1070 1150 dubium
1092 1096 1186 1174 atque
1207 1086 1401 1168 incertum,

384 1227 386 1240 ¹
422 1219 457 1270 ut
469 1206 608 1274 Atticum
625 1225 752 1293 quoqne
771 1225 867 1268 omne
879 1205 1001 1292 fugeret
1023 1204 1214 1285 consilinm,
1238 1229 1302 1294 quo
1327 1211 1407 1273 sol--

422 1326 542 1391 licitam
559 1325 653 1390 amici
675 1336 815 1390 mentem
829 1324 955 1390 levaret
973 1346 1009 1390 ac
1021 1325 1231 1391 consolaretur
1249 1332 1285 1406 ²3
1313 1349 1397 1393 sna-

420 1448 496 1513 dere
524 1457 647 1512 tanturn
677 1457 709 1509 et
733 1465 862 1510 monere
883 1456 1026 1532 poterat,
1052 1457 1086 1511 ut
1108 1444 1146 1510 ad
1169 1458 1295 1536 tempus
1317 1450 1399 1513 vul·

421 1579 488 1630 turn
522 1552 762 1656 orationemque
795 1565 1044 1632 accommodaret
1075 1580 1106 1633 et
1133 1567 1260 1657 placido
1282 1571 1398 1636 animo

330 1753 338 1772 ,
420 1699 570 1752 eventum
593 1687 793 1775 opperiretur
809 1691 838 1755 ³.
891 1686 1096 1776 Aliquamdiu
1117 1689 1142 1752 is
1164 1710 1269 1754 rerum
1290 1703 1396 1757 statos

420 1812 544 1887 fuerat,
577 1807 680 1873 donec
718 1803 861 1874 Caesaris
896 1808 1099 1874 Brundisium
1118 1810 1177 1875 iter
1199 1811 1294 1875 finem
1317 1810 1387 1876 illis

419 1931 550 1996 miseriis
571 1929 732 2018 imposuit..
782 1929 927 2019 Namque
950 1929 1081 2010 Cicero,
1104 1931 1227 1996 obviarn
1250 1931 1297 1996 illi
1311 1955 1394 2014 pro-

334 2053 336 2057 ’
418 2075 558 2143 gressus,
590 2074 652 2140 quo
685 2050 779 2116 vellet
819 2051 916 2116 eundi
951 2052 1072 2117 reniam
1106 2075 1124 2116 a
1159 2050 1290 2116 Caesare
1323 2053 1390 2117 irn-

418 2174 556 2264 petrasit
571 2176 601 2238 ⁴.
659 2173 770 2259 ltaque
804 2169 857 2235 hic
888 2172 961 2236 (laec
993 2191 1069 2237 vere
1102 2168 1246 2237 Ciceroni
1273 2173 1390 2256 festus

417 2305 634 2358 atrasomnes
653 2297 775 2358 exemit
799 2311 902 2358 carras
926 2315 1064 2382 eumque
1089 2292 1221 2358 Romam
1245 2293 1284 2358 ad
1308 2313 1383 2360 snos

416 2415 552 2481 reduxit.
578 2413 663 2480 Vixit
676 2425 782 2480 autern
808 2413 930 2478 ibidem
953 2435 1026 2478 cunr
1037 2415 1145 2480 Attico
1168 2413 1376 2480 adldusfere

417 2533 494 2622 Maji
529 2533 718 2622 insequentis
747 2534 878 2612 anni⁵,
907 2555 969 2623 quo
994 2536 1135 2615 factum,
1163 2547 1198 2600 ut
1217 2557 1297 2624 quae
1323 2537 1381 2603 illo

415 2658 565 2746 temporis
596 2658 696 2747 spatio
731 2657 854 2723 Atticus
879 2657 927 2722 vel
950 2657 1078 2746 gesserit
1100 2656 1150 2722 rel
1174 2677 1278 2744 passus
1301 2656 1381 2721 fue-

414 2781 477 2858 rit,
502 2779 608 2842 omnia
631 2779 827 2864 ignoremus.

462 2896 614 2962 Confecto
626 2897 787 2964 olfrioano
807 2896 911 2976 bello,
939 2897 1062 2962 ridetur
1074 2898 1265 2986 Pomponius
1290 2909 1379 2962 tran·

412 3015 566 3106 quillam,
586 3028 620 3081 ut
637 3016 776 3095 solebat,
792 3018 887 3106 egisse
908 3019 1027 3095 vitam,
1052 3018 1115 3083 sive
1131 3019 1252 3082 Romae
1267 3018 1377 3082 sivein

386 3125 388 3128 ⁵
412 3139 541 3229 praedio
560 3140 737 3204 suburbano
759 3157 814 3204 seu
834 3139 972 3226 deniqne
994 3139 1059 3203 ruri
1082 3138 1166 3227 apud
1189 3137 1375 3224 Ciceronem

410 3261 538 3350 degens.
585 3261 695 3348 Neque
727 3272 831 3324 tamen
863 3258 949 3323 nulld
982 3259 1057 3324 ouri
1090 3258 1127 3322 iis
1156 3257 1231 3346 ipsis
1261 3257 1375 3322 diebus

407 3381 593 3470 angebatur.
629 3379 782 3444 Festivom
807 3378 926 3456 filiam,
952 3368 1193 3466 cujus'caritate
1206 3379 1239 3444 in
1257 3378 1367 3467 primis

449 3523 459 3554 ¹
497 3527 914 3598 Ep.25.§3;Ep.23.§3;
949 3523 1141 3592 Ep.‘24.§3.

446 3621 458 3652 ²
499 3631 548 3696 Ep.
566 3629 686 3698 25.§1.
866 3609 871 3620 .

446 3723 458 3757 ³
495 3728 544 3793 Ep.
563 3727 761 3795 24.§5;Ep.
779 3725 904 3792 2r.§3.

450 3817 461 3852 ⁴
500 3825 639 3876 Plutarch.
659 3827 705 3876 m't.
718 3825 772 3875 Cic.
791 3843 815 3876 c.
837 3823 950 3876 XXXIX.

444 3921 457 3953 ⁵
495 3929 593 3979 Urbem
607 3931 680 3978 enim
693 3925 787 3980 Cicero
800 3927 916 3993 reliquit
927 3925 1006 3993 prid.
1024 3924 1071 3977 ld.
1090 3925 1161 3994 Maji
1176 3928 1208 3978 A.
1226 3929 1256 3978 U.
1268 3927 1368 3990 e.708,

410 4037 441 4078 ut
456 4029 534 4079 docet
553 4026 713 4077 Schuetzius
734 4027 766 4076 ad
786 4027 847 4078 Lib.
866 4026 899 4076 XI
906 4026 930 4076 l.
950 4027 997 4091 Ep.
1019 4029 1044 4081 l.
1060 4025 1123 4077 iuis.
