3042 5146
668 655 672 662 .
726 571 797 664 '134

292 807 384 851 omne
394 783 512 874 ingenii
522 803 654 850 acumen
664 830 675 861 ,
686 802 811 844 omnem
824 778 1112 868 perspicacitatem,
1123 803 1250 847 omnem

293 909 429 997 denique
460 905 685 996 prudentiam,
717 917 747 969 et
783 899 1185 986 censoribus'tribuemus,
1217 919 1254 971 ut

292 1029 364 1109 illi,
401 1027 544 1118 quamvis
576 1024 719 1114 aequales
760 1034 791 1088 et
829 1021 1016 1101 familiares,
1058 1023 1254 1112 praejudicio

292 1149 388 1214 cincti
411 1146 659 1212 animadvertere
688 1154 806 1207 tautam
841 1143 934 1208 amici
961 1143 1136 1231 nequitiam
1166 1144 1252 1211 haud

292 1269 474 1358 potuerint,
500 1264 534 1330 hi
557 1285 649 1342 vero,
674 1262 814 1351 quumvis
837 1261 943 1326 multis
972 1272 1041 1346 post
1060 1263 1171 1328 seculis
1193 1265 1253 1328 flo-

291 1401 415 1466 rentes,
441 1386 524 1453 clare
546 1367 680 1484 riderint
693 1431 703 1463 ,
730 1406 919 1472 quacunque
942 1384 1157 1473 praejudicatis
1177 1387 1250 1475 opi-

292 1509 385 1572 nione
415 1507 536 1571 liberi?
585 1503 611 1570 0
636 1505 778 1594 ineptum
801 1503 1007 1569 Ciceronem!
1035 1507 1091 1594 qui
1115 1529 1152 1572 eo
1177 1524 1251 1596 pro-

280 1627 436 1706 cesseris,
470 1637 504 1690 ut
536 1626 627 1690 talem
660 1625 861 1713 impostorem
896 1648 933 1690 er
968 1627 1112 1692 omnibus
1141 1629 1249 1693 amicis

290 1747 426 1812 maxime
449 1745 578 1836 dignum
591 1745 750 1834 judicares
764 1795 772 1823 ‚
786 1744 824 1809 ad
844 1768 937 1834 quem
961 1745 1088 1811 devera
1112 1749 1249 1814 amicitia

295 1865 412 1930 librum
446 1865 606 1931 scriberes.
656 1863 682 1930 0
711 1877 744 1929 te
778 1864 975 1930 dementem!
1009 1867 1064 1954 qui
1095 1867 1248 1933 nebuloni

289 1987 339 2052 isti
362 1999 393 2050 et
415 1986 567 2073 teipsum
589 1995 716 2073 etquos
739 1985 910 2050 carissimos
937 1985 1075 2050 habuisti
1100 1989 1247 2078 trepidis·

288 2106 372 2172 simis
396 2105 587 2193 temporibus
611 2105 812 2172 commiseris.
839 2103 938 2180 Tuine
961 2107 1163 2174 misereamur
1188 2128 1219 2174 er
1232 2157 1242 2189 ,

288 2249 381 2318 quam
394 2226 537 2314 aequales
549 2226 642 2290 etiam
663 2227 881 2308 celebrarunt,
906 2228 1023 2317 ingenii
1045 2232 1244 2320 sagacitatem

287 2361 383 2437 atque
430 2369 560 2412 acumen
596 2348 824 2436 erplodemus?
872 2348 1059 2428 Avertutur,
1107 2361 1242 2439 quaeso,

287 2466 370 2531 istud
393 2489 497 2533 omen.
545 2465 617 2532 lllos
647 2471 751 2557 potius
784 2469 884 2534 malae
905 2469 980 2535 fidei
1007 2471 1242 2555 insimulemus,

287 2588 342 2676 qui
362 2609 424 2651 nou
446 2588 539 2653 modo
558 2589 729 2653 certissimo
754 2599 809 2652 tuo
832 2590 933 2654 amico
956 2613 1079 2657 omnem
1112 2594 1244 2659 interdi-

285 2729 354 2772 cere
381 2706 601 2788 honestatem,
626 2711 678 2774 scd
703 2722 788 2776 tuam
807 2714 891 2778 item'
905 2713 937 2776 in
950 2715 1005 2780 lite
1026 2718 1241 2806 componenda

285 2828 453 2893 uanitatem
491 2829 644 2916 epagitare
687 2842 840 2920 tuumque
865 2834 1041 2899 candorem
1082 2838 1241 2928 animique

285 2949 496 3036 integritatem
528 2963 703 3038 suspectam
731 2952 862 3018 reddere
885 2967 957 3019 sunt
983 2957 1130 3025 eonati¹.
1177 2958 1240 3022 lta-

322 3159 331 3198 ¹
370 3163 492 3216 Pecoasso
520 3162 641 3228 graviter
670 3165 761 3214 Cicero
789 3162 823 3214 iis
849 3163 981 3230 videtur,
1000 3169 1073 3234 qood
1094 3170 1239 3236 Pomponio

282 3264 464 3330 affirmasset,
483 3267 597 3331 ipsum,
618 3281 780 3331 quocunque
805 3263 916 3314 tandem
935 3268 1015 3316 modo
1034 3283 1076 3317 res
1095 3267 1238 3330 eveniret,

281 3364 409 3416 illaesum
438 3365 516 3428 sore3
544 3373 657 3429 contra,
683 3383 793 3415 omnem
812 3363 966 3416 molestiam
986 3366 1013 3415 in
1033 3364 1140 3434 buccoji
1158 3373 1239 3432 caput

282 3467 513 3516 redundaturam.
550 3464 695 3531 Explicant
713 3449 758 3515 ita'
773 3461 906 3534 Ciceronis
929 3466 1031 3517 verba:
1052 3465 1105 3514 «Ei
1125 3463 1236 3515 molesta

281 3571 385 3629 eruut,
405 3562 434 3615 in
454 3571 516 3614 utro
534 3563 616 3630 culpa
636 3565 724 3613 orit».
761 3561 846 3614 Vidd.
864 3561 974 3615 Dlarium
992 3565 1057 3630 Hag.
1075 3583 1104 3630 p.
1115 3565 1166 3616 130
1174 3581 1238 3630 sqq.

284 3671 311 3714 et
334 3663 421 3716 Cesar.
447 3681 480 3732 p.
505 3665 576 3728 317,
605 3681 636 3730 p.
655 3664 704 3714 395
724 3681 765 3730 sq.
802 3663 891 3714 'l'ullii
909 3682 973 3715 vero
992 3665 1085 3716 verbis
1103 3665 1164 3730 quis
1182 3681 1235 3715 uon

280 3764 351 3816 hauc
377 3774 462 3818 inesse
482 3765 643 3817 senteutiam
663 3765 752 3817 vidit:
775 3764 850 3831 Quod
869 3765 891 3815 si
911 3771 974 3815 tuus
996 3765 1127 3814 adrentus
1145 3764 1179 3813 ad
1198 3765 1236 3813 si-

279 3863 425 3918 multarem
452 3865 666 3931 componendam
696 3863 769 3914 nihil
795 3863 935 3928 offecerit,
963 3862 1087 3912 molestia
1118 3863 1171 3913 erit
1189 3863 1236 3913 illl

279 3963 466 4034 lmpoueuda,
498 3963 577 4033 eujus
597 3965 676 4031 culpir
696 3969 799 4016 factum
819 3964 903 4015 fuerit
914 4000 924 4031 ‚
944 3971 974 4015 ut
993 3974 1107 4032 uterque
1127 3963 1154 4016 in
1172 3983 1235 4029 gra*

278 4073 345 4120 tiam
358 4070 447 4120 redire
467 4067 630 4134 nequeatis?
650 4067 689 4120 Cf.
710 4067 828 4117 Fabricii
847 4067 916 4118 Bttt.
938 4067 993 4117 Lat.
1012 4067 1058 4120 od.
1079 4065 1231 4114 Ern.'l'om.
