3042 5146
672 643 710 703 71

205 847 241 888 se
260 824 402 912 partibus
434 820 613 900 addiceret,
649 839 756 884 verum
786 839 817 880 sc
851 817 1005 902 integrum
1019 847 1035 892 ‚·
1061 810 1164 901 quoad

202 955 333 1032 posset,
358 952 512 1019 servaret,
537 963 577 1006 ne
602 937 784 1029 propensior
818 937 857 1004 ad
890 951 1015 1025 turpem
1039 953 1163 1000 causam

202 1065 405 1131 rideretur¹.

256 1187 298 1252 At
316 1182 442 1275 longum
465 1199 509 1250 est
532 1185 636 1248 omnia
657 1183 732 1248 hinc
761 1183 849 1248 illinc
870 1203 887 1245 e
911 1178 1065 1246 Cicerone
1097 1177 1162 1241 col·

205 1306 329 1396 ligere,
354 1327 454 1395 quae,
479 1305 528 1369 rel
546 1303 644 1369 missis
665 1301 842 1368 domesticis
872 1301 988 1379 rebus,
1024 1299 1057 1362 in
1088 1319 1165 1386 quas

206 1425 281 1512 pari
299 1425 402 1488 studio
425 1423 588 1502 incubuit,
613 1423 697 1488 varia
715 1422 843 1489 consiliu
865 1421 899 1486 iu
919 1421 1065 1486 civilibus
1084 1418 1179 1483 bene*

205 1545 339 1630 agendis
356 1545 546 1633 Pomponius
565 1545 664 1609 emico
682 1543 816 1610 dederit.
852 1539 970 1620 Suam,
1003 1559 1066 1605 non
1089 1537 1165 1604 alie·

202 1685 286 1728 nam
308 1684 417 1728 curare
436 1685 503 1727 rem
525 1663 699 1730 videbatur.
725 1663 942 1749 Quapropter,
956 1659 1084 1739 sibimet
1105 1657 1165 1744 ipsi

204 1781 241 1846 in
268 1783 361 1848 tantis
374 1783 506 1869 negotiis
517 1781 602 1846 uelut
612 1780 754 1846 diffidens
767 1831 775 1860 ,
788 1781 1028 1869 prudentiorum
1048 1780 1166 1845 amico-

206 1923 285 1965 rum
297 1900 464 1966 sententias
478 1901 614 1966 studiose
633 1901 728 1965 etiam
740 1899 922 1989 exquirebat
934 1899 1164 1988 diligenterque

209 2021 253 2087 ad
274 2020 459 2087 Ciceronem
484 2021 698 2111 perscribebat
712 2027 741 2087 ².
790 2021 1014 2086 Delectabatur
1035 2041 1164 2106 magno-

207 2163 286 2230 pere
319 2141 439 2206 Tullius
457 2141 518 2206 illis
542 2142 640 2207 Attici
661 2141 787 2206 monitis
810 2161 981 2228 eorumque
1005 2152 1166 2228 praestan-

209 2260 289 2325 tiam
309 2259 501 2327 dilaudabat.
530 2283 553 2323 <r
565 2260 664 2344 Quam
676 2259 804 2326 honesta
817 2285 857 2340 u,
882 2263 986 2352 inquit
1000 2311 1010 2338 ,
1035 2285 1056 2324 r<
1069 2283 1165 2350 quem

207 2383 354 2472 expedita
387 2395 442 2448 tua
464 2383 613 2461 consilia,
638 2403 733 2472 quam
754 2383 897 2471 evigilata
920 2382 981 2447 tuis
1002 2381 1166 2470 cogitatio·
1201 2392 1206 2408 ‘

206 2503 315 2571 nibus.
352 2541 393 2557 -
430 2500 544 2568 Omnia
565 2515 632 2567 tum
652 2501 781 2571 honesta
803 2515 872 2568 turn
895 2514 1019 2568 cauta»
1034 2507 1062 2569 ³.
1111 2502 1167 2568 Sic

138 2685 141 2692 .
207 2621 307 2690 alibi:
335 2623 488 2702 «Εὐγενῆ
511 2634 564 2688 tua
586 2622 736 2704 consilia,
761 2635 917 2688 ettamen
938 2623 1165 2710 protempori-

207 2747 268 2811 bus
299 2741 363 2810 non
393 2746 542 2824 incauta,
577 2743 658 2808 milri
691 2743 782 2808 valde
807 2745 994 2830 probantur.
1030 2742 1166 2806 -Tua

204 2891 282 2948 me,
314 2865 465 2945 hercule,
499 2865 665 2932 auctoritas
688 2864 776 2930 valde
799 2875 914 2930 moret.
962 2861 1061 2927 Affert
1080 2860 1165 2926 enim

202 3002 243 3054 et
265 2989 380 3076 reliqui
399 2989 547 3075 temporis
568 2985 775 3074 recuperandi
797 2985 950 3050 rationem
969 2993 1000 3047 et
1020 3003 1167 3070 praesen·

203 3107 251 3172 tis
279 3106 388 3173 tuendi
398 3109 464 3172 >›⁴.
510 3106 594 3170 Huic
627 3105 827 3171 consiliorum
851 3105 1006 3171 honestati
1027 3103 1166 3192 pruden-

205 3229 338 3316 tiaeque
350 3228 429 3291 mira
442 3227 595 3317 quaedam
618 3228 781 3292 accidebat
799 3226 895 3290 animi
906 3224 1084 3304 sinceritas,
1107 3235 1143 3288 ut
1157 3273 1165 3301 ,

206 3353 235 3416 si
271 3372 330 3439 qna
364 3335 483 3414 Tullius
511 3349 541 3414 ei
565 3347 732 3436 deliquisse
753 3347 931 3424 videretur,
956 3344 989 3409 id
1010 3365 1083 3409 eum
1103 3364 1165 3408 non

207 3482 333 3534 tantum
362 3493 423 3534 non
447 3469 582 3548 celaret,
604 3452 659 3532 'sed
680 3469 779 3532 amice
799 3469 893 3533 etiam
915 3468 944 3534 ei
967 3478 1095 3556 peccata
1118 3488 1166 3532 os·

251 3677 259 3708 ¹
291 3680 573 3757 ,nsvrrnpss
595 3682 643 3748 §a
1126 3743 1127 3746 Ἴ

250 3776 260 3808 ²
306 3785 365 3835 nin.
383 3783 429 3834 rx.
447 3785 496 3850 sp.
515 3791 540 3839 7.
559 3786 572 3853 t
591 3786 676 3851 ως
696 3785 746 3849 sp.
768 3788 809 3836 ro.
828 3783 840 3850 u·
862 3787 913 3849 103
932 3772 1174 3850 mo.x1.np.o.'

210 3869 465 3953 §utnull-

250 3971 260 4002 ³
291 3981 487 4050 peplutr.

251 4072 260 4106 '¹
300 4075 561 4144 Lib.=Vlll.}tp.9
590 4083 648 4147 §3.
