3042 5140
811 608 875 672 202

365 805 435 853 care
466 789 583 866 soluit,
627 799 724 873 quum
756 789 854 853 Attici
889 792 1072 860 senteutiam
1114 799 1317 884 exquirebat:

363 910 563 987 «Putasne,
596 907 773 996 Pomponi,
809 909 916 974 utilius
945 909 1024 976 mihi
1058 935 1123 978 esse
1155 915 1247 1004 fugae
1279 922 1319 988 od

360 1032 543 1120 Pompejum
562 1051 614 1094 me
635 1030 731 1111 dare,
758 1053 838 1120 quae
857 1033 937 1098 mihi
961 1047 1046 1100 certa
1069 1051 1177 1123 parete
1196 1053 1317 1120 est,an

359 1154 481 1216 veroin
504 1151 554 1219 his
565 1151 770 1218 loeisdiurius
779 1157 913 1235 morari,
939 1180 1020 1244 quae
1031 1172 1137 1226 tamen
1148 1163 1315 1253 aliquando

358 1276 500 1340 deserere
520 1271 639 1357 cogar?
664 1291 685 1332 >i

402 1390 554 1458 XXVIII.
579 1390 659 1479 Ego
691 1394 886 1458 veronulla
921 1399 1068 1484 epistola
1098 1403 1291 1490 signficari
1302 1447 1311 1483 r

355 1519 389 1581 si
412 1515 541 1584 Gnaeus
552 1512 665 1578 Italia
681 1513 830 1592 cederet,
855 1526 892 1579 nt
913 1525 949 1581 tu
969 1540 1036 1582 una
1056 1523 1210 1591 cederes:
1226 1536 1308 1606 aut,

354 1641 388 1699 si
407 1634 622 1724 signficari,
646 1655 710 1697 non
731 1634 828 1715 dieo,
843 1638 909 1724 fui
930 1644 1150 1726 inconstans,
1174 1648 1237 1710 sed
1254 1649 1310 1713 de-

354 1779 455 1822 mens.
479 1799 519 1807 —
542 1755 644 1822 Nihil
658 1759 862 1843 relinquitur
885 1767 957 1828 nisi
971 1767 1090 1856 suga:
1122 1774 1179 1834 een'
1198 1782 1230 1835 te
1252 1791 1310 1837 so-

353 1883 440 1943 cium
460 1880 650 1961 nentiquam
674 1888 760 1966 pulo
790 1901 862 1946 esee
893 1895 1048 1971 oportere
1077 1911 1136 1954 nee
1167 1914 1307 1977 unquam

343 2003 478 2087 pretori.
530 1998 560 2084 [§
596 1997 642 2085 6.]
690 1998 866 2089 Utrumque
904 2018 950 2069 est
980 2006 1120 2092 ejusdem
1150 2012 1308 2101 Epistolae

349 2119 581 2208 fragmentum,
606 2117 695 2182 darae
712 2118 745 2187 d.
772 2120 828 2184 III.
854 2121 925 2185 Kal.
946 2125 1039 2194 Mart.

395 2239 515 2306 XXIII.
542 2237 585 2302 Si
606 2237 672 2306 Μ’.
709 2238 858 2325 Lepidus
902 2252 933 2304 et
964 2245 1005 2309 L.
1035 2247 1075 2309 V
1073 2251 1218 2314 oleatius·
1245 2273 1309 2332 re*¹

348 2357 502 2438 moneri,
527 2357 722 2424 monendum
746 2372 855 2448 pitto,
880 2369 933 2428 ita
955 2377 1013 2446 nt,
1049 2374 1083 2434 si
1113 2372 1226 2438 salvus
1257 2379 1305 2440 sit

348 2485 527 2573 Pompry'us
548 2493 580 2548 et
599 2487 791 2548 eonstiterit
806 2487 953 2567 alicubi,
977 2491 1063 2553 lano
1084 2496 1213 2560 νεκυίαν
1244 2519 1302 2566 re.

344 2607 477 2690 linquas
496 2613 528 2667 et
547 2612 579 2666 te
600 2609 637 2667 in
659 2610 842 2669 certamine
866 2609 958 2672 oz'lcci
979 2626 1052 2674 oum
1072 2615 1135 2678 illo
1147 2617 1299 2703 saoilins

338 2729 518 2816 patiaris,
542 2737 637 2808 quom
660 2747 731 2788 orem
753 2713 813 2788 loo
832 2731 869 2788 in
892 2747 953 2804 ea,
979 2751 1061 2815 qnae
1082 2741 1299 2822 perspicitur

334 2847 483 2932 sutura,
509 2843 647 2907 colluvie
667 2863 825 2931 regnare.
851 2879 892 2890 -
921 2844 1014 2931 (laid
1033 2855 1067 2914 si
1086 2852 1236 2940 Lepidus
1265 2867 1298 2920 et

345 2965 524 3029 Volcatius
556 2959 761 3025 discedunt?
788 2963 895 3050 plane
926 2969 1045 3052 ἀπορῶ.
1099 2971 1195 3057 Quod
1226 2982 1295 3040 eve.

340 3081 431 3149 neril
450 3087 563 3173 igitur
581 3089 613 3144 et
632 3082 719 3165 quocl
744 3087 879 3172 egeris,
904 3087 945 3149 id
970 3093 1130 3173 στερκτέον
1154 3098 1294 3182 putato.
1325 3105 1336 3112 “’

340 3213 371 3298 [ᾗ
397 3208 443 3294 7.]
492 3205 578 3270 Haeo
600 3203 734 3293 ¹quoque
758 3205 796 3269 ad
827 3219 920 3271 uuam
948 3211 1143 3302 eandemque
1167 3217 1292 3305 Episro.

335 3332 396 3397 Iam
407 3329 650 3417 pertinuerunt,
673 3325 820 3412 seriptum
840 3327 871 3393 d.
887 3329 978 3399 VIII.
992 3333 1063 3403 Kal.
1087 3338 1181 3407 Mart.
1206 3341 1292 3407 Vooe

335 3453 463 3519 renular
496 3449 617 3513 Atticus
661 3444 796 3511 Caesaris
825 3449 1007 3516 comitatum
1036 3455 1208 3543 indicavit,
1239 3487 1293 3527 re..

333 3571 465 3659 spiciens
485 3568 524 3632 ad
540 3569 634 3632 Hom.
658 3563 763 3654 Odyss.
784 3567 858 3636 Lib.
885 3570 943 3637 ΧΙ.
970 3571 1020 3640 Cf.
1044 3577 1094 3640 acl
1113 3581 1188 3649 Art.
1212 3583 1285 3651 Lib,

329 3691 388 3758 IX.
415 3687 473 3777 up.
502 3692 554 3754 11.
580 3693 597 3774 §
620 3693 653 3753 2.
712 3689 825 3754 «Nam
857 3695 1121 3780 quemadmodum
1156 3707 1285 3772 umbrae

329 3815 366 3880 ud
403 3814 539 3898 Ulyssem
564 3813 595 3876 iu
619 3816 727 3894 renota
749 3811 878 3880 Homeri
900 3821 1064 3890 confluunt
1086 3828 1284 3919 frequentes,

327 3937 370 4002 sIe
385 3935 526 3999 homiues
546 3933 710 4022 flagitiosi,
735 3935 900 4004 facinorosi
923 3954 953 4006 et
972 3967 1042 4011 aere
1064 3949 1165 4016 alieno
1179 3954 1284 4018 obruti

326 4059 362 4122 ud
390 4055 549 4122 Caesarem
576 4056 794 4136 confluunt»,
822 4073 855 4123 ut
881 4065 923 4126 ait
951 4067 1120 4140 Ernestius.
