3042 5146
734 581 797 640 120

293 807 296 814 .
311 750 374 820 Sed
388 751 463 818 haec
476 755 580 818 omnia
592 777 653 820 nou
666 756 745 821 tanti
756 754 883 820 aestimo
897 803 906 835 ,
921 757 1109 822 utletirsir'ne
1121 755 1263 826 hocloco

311 874 351 939 dc
371 876 409 940 iis
427 876 649 965 disputandum
676 877 737 957 rit3
765 877 797 941 iu
815 877 897 943 notis
915 899 951 942 en
969 877 1120 944 indicasse
1141 891 1173 942 ct
1192 880 1265 944 nri„

311 997 389 1062 oiim
405 1020 512 1072 eorum
526 999 684 1064 icriintcm
696 998 945 1063 animadvertisse
958 998 1102 1067 sufficiet.
1150 999 1264 1089 Neque

309 1137 381 1180 rero
398 1138 464 1182 rem
476 1117 663 1184 familiarem
686 1119 795 1206 quaeri
815 1119 852 1186 iis
874 1121 983 1198 rebus,
1008 1144 1027 1185 n
1048 1121 1163 1210 quibus
1175 1122 1263 1188 obest

308 1235 492 1322 turpitudor
531 1237 704 1302 conservari
732 1237 899 1326 diligentis
920 1252 951 1306 et
973 1240 1182 1329 parsimoniis
1210 1242 1266 1306 iis„

306 1353 380 1422 dem
405 1355 501 1422 etium
531 1357 624 1422 rebus
644 1357 775 1445 augeri,
799 1368 883 1424 vetet
900 1358 1066 1428 honesturn
1086 1371 1182 1449 atque
1201 1361 1263 1427 de·

303 1479 459 1546 corum¹.
505 1476 586 1548 Num
618 1476 740 1546 Atticus
767 1489 890 1546 taurum
920 1477 1024 1543 obfuit
1049 1502 1065 1543 a
1090 1478 1265 1568 cupiditate

305 1598 480 1695 pecuniae,
504 1611 538 1670 ut
559 1598 690 1666 Antonii
711 1581 808 1688 gratiis
829 1605 926 1683 quum
939 1622 1051 1688 augere
1072 1612 1174 1688 posset
1191 1621 1265 1692 pos÷

308 1716 453 1786 sessiones
486 1740 555 1790 suns
566 1768 577 1799 ,
611 1719 697 1788 nulio
726 1719 759 1789 in
780 1741 815 1782 re
830 1740 901 1785 usus
920 1719 959 1788 sit
981 1719 1038 1798 cri,
1063 1718 1124 1784 uisi
1148 1717 1182 1784 in
1207 1717 1265 1788 de·

307 1837 472 1925 precandis
494 1839 666 1904 amicorum
686 1850 740 1906 aut
761 1837 909 1926 periculis
935 1850 989 1903 aut
1011 1837 1216 1904 incommodis
1232 1843 1263 1912 ἒ.

308 1957 420 2040 Quid?
445 1957 529 2046 quod
550 1977 711 2045 nunquam
734 1956 772 2020 nd
795 1954 1088 2045 hostcmpublicnm
1109 1958 1261 2038 accessit,

308 2075 391 2148 bona
413 2088 573 2168 empturus
594 2073 865 2172 proscriptorum,
890 2075 1004 2163 quibus
1021 2075 1076 2140 rili
1101 2073 1202 2170 pretio
1225 2098 1265 2140 e«

307 2194 429 2266 mendis
450 2194 505 2264 olii
515 2217 582 2263 rem
594 2216 706 2283 augere
717 2193 882 2267 studebant
896 2199 924 2267 ³,
950 2195 1095 2284 Denique
1108 2243 1117 2274 ,
1131 2216 1265 2282 persua·

307 2315 382 2380 dere
404 2313 484 2380 mihi
504 2317 690 2406 nullopacro
701 2337 846 2404 possum,
862 2327 978 2386 tautam
993 2363 1003 2394 ,
1029 2325 1175 2403 quantam
1189 2335 1265 2382 ceu·

306 2455 389 2498 sores
408 2434 456 2498 ilii
477 2434 605 2512 volunt,
632 2433 732 2500 Attici
743 2433 903 2498 avaritiam
916 2455 980 2500 esse
989 2433 1147 2522 potuisse,
1172 2434 1197 2499 si
1213 2433 1260 2496 li-

305 2557 501 2627 beralitatem
523 2555 625 2646 cogito
658 2557 915 2648 integerrimam,
941 2575 1003 2643 qua
1020 2552 1068 2617 uti
1086 2574 1158 2642 erga
1180 2553 1260 2619 alios

307 2676 467 2754 consuevit
479 2724 489 2762 ‚
516 2676 568 2749 cui
592 2662 700 2748 virtuli
722 2674 798 2764 quid
825 2677 921 2764 magis
945 2674 1153 2740 adversarium
1176 2674 1265 2748 inro-

307 2799 370 2869 niri
382 2799 509 2862 ovaritiri
521 2799 651 2888 polest?
675 2798 813 2885 Itaque,
837 2820 914 2885 nge,
938 2797 965 2860 si
991 2795 1048 2866 cui
1067 2796 1162 2866 eiiam
1178 2817 1265 2866 seru,

305 2915 396 3013 polus
426 2927 538 2994 restat,
566 2937 638 2982 oum
668 2914 778 2984 tollere
815 2937 967 2986 conemur
999 2936 1135 2986 seorsum
1164 2933 1264 3001 agen-

302 3135 373 3186 dicis
390 3132 535 3203 cujusdam
556 3135 729 3185 auctoritate.
766 3133 829 3186 vid.
849 3134 982 3184 Graevius
999 3133 1033 3182 ad
1055 3131 1122 3182 l.1.
1140 3127 1189 3186 Cfl'.
1210 3129 1263 3184 Bi·-

300 3261 410 3306 gar-mres
425 3245 546 3292 ourr'eurer
564 3257 594 3305 p·
612 3240 642 3293 37
663 3255 743 3311 sqq.;
762 3237 830 3288 Non.
846 3236 907 3303 reip.
925 3235 969 3284 lit.
987 3237 1021 3284 A.
1039 3235 1109 3286 1686
1134 3250 1162 3297 p.
1183 3229 1263 3296 1408.

304 3342 389 3405 Aegre
405 3347 497 3407 postes
514 3340 548 3393 ab
565 3337 691 3404 opinione
706 3337 798 3388 Abbas
811 3335 958 3398 discessit,
978 3351 1004 3384 sc
1023 3341 1115 3383 tauron
1137 3351 1167 3385 eo
1194 3349 1262 3385 con-

302 3438 392 3494 solans
402 3475 412 3503 ,
430 3439 505 3505 quod
525 3436 594 3488 alibi
607 3435 726 3499 insignis
746 3437 800 3486 sibi
815 3435 939 3501 'reperire
957 3433 1106 3485 videbatur
1122 3432 1261 3484 avaritiae

303 3537 389 3588 Attici
415 3535 550 3602 exempla.
586 3535 648 3587 vid.
677 3535 744 3601 0pp·
775 3529 974 3598 rom.111.p.
993 3532 1058 3587 657.
1095 3533 1186 3600 Neque
1204 3531 1262 3586 huo

302 3635 445 3692 reserenda
466 3652 508 3686 ros
529 3635 652 3702 Sicyonia
664 3668 674 3697 ,
693 3634 727 3684 de
741 3652 797 3700 qua
818 3633 923 3698 egimus
938 3651 969 3700 p.
987 3633 1021 3686 39
1042 3649 1089 3702 sq.
1118 3639 1177 3684 not.
1199 3631 1224 3682 3.

342 3733 352 3764 ¹
393 3742 447 3793 cic·
470 3742 501 3794 de
518 3741 569 3809 Off.
590 3739 655 3795 Lib.
673 3737 715 3796 ll.
731 3758 756 3794 c.
774 3738 907 3806 scole.

341 3831 352 3872 ²
391 3843 475 3907 Nepos
492 3860 516 3893 c.
534 3839 685 3904 fimi.

339 3926 350 3960 ³
389 3940 474 4006 Nepos
495 3959 519 3994 c.
539 3941 584 3991 vl.
604 3939 648 4006 §3
657 3976 668 4005 ,
688 3957 768 4006 quem
786 3941 863 3996 docte
881 3939 1082 4006 iuterpretatur
1105 3935 1259 3990 deiramo-

301 4057 333 4106 ry
352 4058 381 4106 p.
399 4041 433 4091 29
450 4057 512 4114 sqq,
