3042 5140
773 573 834 636 196

331 767 402 833 tae,
428 754 507 819 siros
526 751 712 841 proderent,
738 752 793 840 qui
806 772 869 815 non
885 750 995 817 leviter
1007 751 1197 818 Graecarum
1208 753 1282 820 lite·

330 896 435 940 rarum
454 873 629 940 ubertatem
639 871 871 961 degustassent,
895 871 947 935 sed
958 872 1084 960 penitus
1093 873 1219 960 pulchri
1226 897 1281 940 re-

331 996 477 1084 uastique
518 1015 609 1059 sensu
647 1005 678 1058 et
724 993 867 1058 accurati
902 969 1136 1081 disciplinarum
1170 997 1281 1084 cogui-

328 1114 413 1178 tiooe
432 1126 531 1180 essent
551 1113 676 1180 imbuti.
723 1113 955 1202 Pomponianae
974 1137 1047 1179 vero
1065 1115 1125 1180 hoc
1142 1119 1278 1183 maxime

325 1235 488 1321 proprium
521 1233 581 1297 sibi
610 1232 791 1312 habebant,
826 1245 862 1298 ut
894 1235 1104 1301 acutissimum
1137 1237 1176 1303 de
1206 1239 1280 1326 qui·

329 1354 432 1419 bueria
460 1353 614 1440 negotiis,
638 1353 800 1443 republica
829 1354 1010 1444 inprimis,
1030 1356 1185 1443 judicium
1204 1381 1280 1425 coo-

329 1475 466 1540 tinerent
499 1496 557 1539 nec
587 1472 754 1561 speciosam
786 1493 921 1562 eamque
951 1474 1076 1540 inanem
1096 1476 1281 1542 'orationem

327 1605 540 1675 sectarentur;
567 1593 650 1683 quod
682 1592 809 1682 quidem
838 1591 964 1671 effecit,
988 1606 1023 1658 ut
1042 1611 1149 1684 aperte
1170 1595 1282 1664 Cicero

328 1729 454 1783 testatus
484 1717 545 1794 sit,
579 1735 701 1802 semper
731 1735 781 1778 eas
808 1712 927 1801 aliquid
961 1735 1065 1778 secam
1096 1715 1205 1780 afferre
1226 1739 1282 1782 so-

303 1841 310 1848 '
329 1837 394 1904 lere
418 1839 428 1875 ¹
447 1885 457 1916 ,
481 1858 642 1926 nunquam
660 1846 715 1900 aut
733 1834 963 1923 intempestivas
984 1836 1044 1902 sibi
1063 1851 1118 1904 aut
1137 1838 1282 1928 loquaces

328 1961 406 2026 visas
429 1983 493 2026 esse
520 1965 550 2028 ².

370 2083 511 2148 Fuerunt
533 2081 592 2146 hee
614 2079 743 2159 laudes,¹
762 2103 838 2167 quas
857 2079 954 2145 attici
973 2078 1072 2144 literis
1095 2074 1281 2144 Ciceronem

330 2198 475 2268 tribuisse
493 2201 654 2281 norimus,
680 2222 811 2289 quarum
824 2201 921 2266 varias
932 2199 1078 2287 colligere
1091 2199 1258 2266 sententies
1272 2250 1282 2279 ,

329 2343 409 2409 quae
433 2321 466 2384 in
491 2317 702 2386 Ciceronianis
725 2320 872 2409 Epistolis
894 2334 1077 2401 serrantur,
1100 2343 1159 2388 uec
1179 2343 1284 2411 apro·

305 2519 307 2524 Ι
327 2438 429 2526 posito
452 2449 555 2502 nostro
578 2438 715 2505 alienum
735 2461 839 2526 neque
861 2439 1138 2507 inutiledurimus.
1187 2438 1279 2504 Cari·

328 2583 397 2626 mas
417 2582 510 2640 raro,
536 2559 638 2648 quoad
662 2559 751 2624 nobis
774 2558 884 2637 licuit,
909 2581 949 2624 ne
967 2581 1028 2647 qna
1048 2559 1281 2649 dubiainepe·

325 2693 416 2762 rent;
452 2679 599 2769 quocirca
627 2680 667 2744 ab
689 2679 749 2759 iis,
772 2700 852 2768 qnae
871 2678 1072 2744 condirecta
1091 2680 1131 2744 ab
1151 2679 1280 2759 Attico,

325 2800 401 2890 ipsis
429 2799 522 2887 hujus
551 2800 675 2877 verbis,
691 2801 832 2887 prolecta
855 2822 921 2866 esse
944 2811 1089 2882 constat,
1113 2798 1281 2866 maluimus

325 2919 491 2984 abstinere
538 2918 682 3006 Singulas
708 2919 784 2983 item
808 2941 896 2986 voces
919 2919 1118 3000 addidimus,
1142 2921 1280 3010 nequid

321 3043 508 3127 magnopere
527 3035 765 3109 desideraretur.

699 3245 860 3286 rlldssllml

533 3353 719 3393 EPISTOLARUM
738 3353 831 3394 armet
858 3353 893 3393 tn
913 3353 1073 3394 CICERONEM.

368 3483 396 3549 l.
427 3481 533 3566 (latum
555 3477 711 3545 essem'e'n
734 3479 923 3550 Ceramicoss
972 3477 1066 3565 [Lib.'
1081 3479 1109 3545 l.
1137 3478 1188 3544 ad
1202 3477 1276 3547 Art.

326 3601 386 3691 Ep.
413 3601 455 3666 10
477 3600 561 3688 init]
586 3598 658 3664 ¹Hoc
684 3601 810 3666 exordio
831 3603 863 3666 in
887 3601 1073 3690 quadamad
1096 3600 1280 3668 Ciceronem

325 3723 463 3812 Epistola
482 3722 604 3789 Atticus
624 3744 694 3789 usus
714 3724 836 3802 fueret,
877 3746 970 3812 quarn
996 3721 1121 3787 miserat
1149 3720 1282 3786 Athenis

363 3970 372 4003 ,
413 3929 473 3984 aas.
487 3919 521 3982 tr.
539 3934 588 3999 ap.
608 3932 651 3985 ts.
670 3932 685 4003 ς
701 3927 732 4000 13
752 3932 812 3985 mo.
832 3929 880 3982 xl.
900 3931 951 3996 ap.
974 3929 1278 3999 11.§1;ttp.12.§1.

362 4035 373 4069 ²
413 4031 471 4081 ara.
488 4027 533 4081 tv.
555 4031 603 4096 sp.
626 4029 670 4096 rt.
688 4031 704 4096 a
722 4031 747 4082 a.
768 4027 811 4082 ct.
828 4028 889 4079 ato.
910 4026 985 4084 xvr.
1006 4030 1056 4096 ap.
1077 4035 1118 4081 11.
1140 4032 1198 4098 ar.
