2970 5144
646 661 666 720 3

174 859 211 901 eo
231 834 335 912 libro,
353 857 415 923 quo
436 835 619 902 excellentes
636 837 842 925 Imperatores
860 836 1037 924 complexus
1056 849 1126 918 θεῖς

173 957 211 1020 ad
232 977 391 1020 summum
414 955 505 1023 unius
527 957 653 1044 majoris
677 958 778 1046 operis
799 957 989 1046 parslraberi
1005 969 1127 1022 utrum·
1162 943 1164 948 ¹
1206 971 1210 981 ⁴

172 1099 233 1164 que
262 1078 369 1166 possit.
393 1076 525 1165 Scripsit
556 1079 641 1143 enim
673 1079 776 1168 Nepos
808 1079 952 1169 plurimis
974 1078 1063 1142 libris
1085 1078 1126 1142 ele

171 1201 277 1266 Viris
307 1202 519 1279 illustribus,
541 1203 574 1265 in
598 1202 712 1292 quibus
734 1201 780 1266 uti
804 1201 843 1264 de
875 1199 950 1265 belli
969 1199 1126 1277 ducibus3

169 1323 208 1387 de
231 1324 403 1388 oratoribus
416 1371 426 1404 ‚
438 1323 478 1388 de
491 1323 684 1414 philosophis
699 1375 706 1396 .
726 1324 878 1414 deputetis
899 1323 1029 1410 aliisque
1042 1322 1125 1410 egit,

170 1448 213 1510 ita
243 1447 392 1534 singulari
422 1447 504 1511 libro
534 1447 574 1510 de
604 1447 740 1512 Latinis
759 1446 950 1533 Historica's
973 1444 1126 1533 exposuit.

171 1567 254 1630 Huic
271 1567 502 1632 adnumeranda
524 1565 717 1636 vituAttiei
726 1619 734 1648 ,
749 1591 829 1659 quae
852 1570 909 1634 sub·
921 1569 1051 1657 Nepotis
1063 1591 1119 1631 no-

169 1687 255 1750 mine
268 1687 366 1750 fertur
378 1701 409 1751 et
421 1689 530 1755 ceteris
542 1690 611 1754 vitis
623 1701 758 1756 extrema
771 1691 918 1777 adjuncta
931 1703 976 1754 est
993 1692 1022 1754 ¹.
1045 1687 1123 1752 Eam

137 1890 144 1904 .
169 1820 240 1872 ante
265 1807 364 1872 Attici
392 1808 514 1872 obitum
537 1807 709 1874 absolutam
735 1810 855 1897 publici
880 1811 960 1894 juris
982 1811 1122 1884 fecerat,

167 1927 251 2016 quod
270 1926 318 1990 his
336 1929 471 2004 auctoris
489 1930 592 1993 verbis
613 1942 733 1994 certum
755 1943 896 2019 putatur.
932 1929 1122 1994 «Hactenus

168 2049 276 2114 Attico
305 2050 373 2114 viro
404 2049 488 2113 edita
518 2047 597 2115 haec
627 2073 643 2113 a
667 2049 755 2114 nobis
782 2061 865 2114 sunt.
904 2046 1019 2127 Nunc,
1039 2069 1118 2137 quo-

166 2171 249 2234 niam
282 2171 406 2235 fortuna
438 2193 493 2234 nos
515 2172 694 2258 superstites
720 2169 750 2234 ei
767 2193 830 2234 esse
850 2169 968 2247 soluit,
993 2169 1116 2258 reliqua

166 2311 401 2381 persequemur.
415 2295 454 2353 »²
484 2290 633 2356 lldiderat
649 2291 744 2379 igitur
764 2290 838 2370 illa,
858 2303 892 2355 ut
912 2289 1053 2368 ridetur,
1077 2288 1116 2356 l.

166 2414 206 2477 U.
232 2409 269 2477 (l.
304 2409 429 2474 circiter
459 2413 522 2474 711
554 2409 608 2495 (Α.
630 2408 667 2476 C.
688 2411 762 2496 43),
786 2423 869 2474 certe
889 2425 957 2498 post
985 2422 1119 2475 mortem

167 2528 348 2605 Ciceronis,
373 2532 478 2616 prouti
508 2553 525 2594 e
557 2531 650 2596 rebus
683 2510 871 2621 quibusdam
907 2534 937 2597 in
967 2546 1056 2621 parte
1076 2555 1111 2598 ea

107 2635 121 2726 ,¹
164 2649 262 2714 obviis
284 2647 389 2736 colligi
405 2623 499 2714 debet
513 2655 539 2715 ³.
577 2653 701 2716 Mortuo
729 2675 801 2718 vero
823 2655 950 2733 Attico,
980 2655 1115 2742 nequid

162 2791 349 2858 magnopere
371 2769 615 2848 desideraretur,
641 2786 821 2859 persecutus
844 2785 889 2838 est
920 2797 1000 2863 quae
1033 2774 1119 2838 iuce-

198 2959 215 3018 1ἱ
248 2947 313 2999 Vid.
340 2949 551 3002 Lieberkuehnii
569 2977 584 2992 ·
602 2951 810 3002 Pohlmanniani
835 2951 970 3018 primario
993 2950 1116 3016 praemio

160 3047 188 3095 in
219 3049 301 3097 Acad.
332 3051 441 3100 lenensi
468 3059 599 3101 coronata
618 3054 811 3103 commentatio
832 3055 861 3102 de
880 3066 975 3103 auctore
994 3055 1118 3117 vitarum,

160 3166 220 3216 quae
248 3149 290 3198 sub
321 3155 419 3201 nomr'ne
446 3153 476 3202 C.
505 3154 609 3224 Nepotis
623 3165 764 3217 seruntur,
784 3171 846 3220 pag.
865 3154 897 3206 19
915 3172 977 3221 sqq.
993 3157 1117 3205 Testatur

65 3292 69 3296 .
162 3249 286 3299 schottus
305 3267 332 3300 se
350 3253 379 3300 in
399 3255 590 3320 antiquissimo
610 3256 671 3306 cod.
691 3271 742 3304 ms.
760 3253 830 3304 hauc
849 3253 1054 3320 inscriptionem
1075 3271 1119 3302 re-

158 3351 273 3414 perisse:
301 3351 463 3418 Historiarum
487 3353 626 3403 Latinarum
645 3353 757 3402 Cornelii
774 3353 878 3420 Nepotis
896 3355 945 3402 vr'ta
967 3351 1053 3404 Attici.
1089 3355 1116 3408 l'.

159 3449 297 3505 Manutius
327 3451 354 3501 in
382 3451 484 3503 Gifauii
503 3451 577 3504 libro
596 3455 683 3522 legit:
703 3453 744 3504 Ex
762 3445 823 3506 libio
840 3456 953 3506 Cornelii
970 3455 1070 3524 Nepotis
1089 3457 1118 3507 de

157 3547 256 3598 latirus
275 3551 421 3602 Ht'storicis.
460 3552 499 3604 Cf.
515 3553 665 3629 Fabricius
684 3553 707 3607 l.
726 3553 748 3607 l.
766 3573 793 3620 p.
815 3557 875 3606 101.

192 3652 204 3686 2
246 3649 300 3700 Vr't.
328 3652 380 3701 Art.
407 3671 431 3702 c.
463 3650 564 3705 XVHI.
594 3653 614 3706 f.
633 3673 657 3704 c.
678 3655 746 3704 xlx.
765 3654 828 3704 init.
849 3654 920 3704 Male
940 3663 1029 3706 autem
1051 3653 1118 3704 hacc

156 3750 239 3800 verba
257 3750 296 3800 ita
318 3751 439 3816 divelli,
460 3751 609 3818 unicuique
628 3752 709 3802 facile
721 3753 944 3819 persuadebitur.
979 3755 1117 3804 Pertinent

156 3847 252 3912 procul
272 3849 356 3901 dubio
376 3853 410 3902 ad
429 3871 453 3904 e.
472 3851 529 3900 lilll
549 3888 558 3915 ,
575 3852 645 3902 uude
664 3851 791 3918 supplere
811 3861 905 3903 auctor
917 3855 1006 3919 coepit
1017 3891 1027 3918 ‚
1046 3872 1116 3920 qnae

154 3947 204 3996 'suo
224 3953 299 4015 operi
318 3953 442 4004 delirant.

193 4048 205 4084 3
247 4051 286 4101 cf.
314 4028 555 4108 Lieberlsuchrtius¹
576 4073 638 4120 pag.
668 4057 723 4119 22,
751 4056 788 4106 ad
807 4053 887 4124 cujus
907 4055 1026 4105 rationes
1046 4053 1112 4103 hacc

156 4151 220 4202 arldi
253 4159 363 4206 omnino
390 4157 487 4223 debet,
508 4175 577 4223 quae
596 4159 752 4207 continetur
775 4157 827 4208 Vre.
844 4158 896 4208 Art.
916 4173 940 4206 e.
959 4155 1025 4204 llVl.
1044 4153 1057 4218 5
1077 4154 1108 4215 3,

936 4258 966 4309 ΙΙ
