2988 5144
679 632 744 699 ’13Δ

228 813 366 880 tendere.
414 810 558 876 Habebat
575 811 629 877 ille
650 812 767 878 Romae
788 815 888 879 sirum
911 817 943 880 in
981 821 1091 909 primis
1114 847 1177 892 no·

230 933 347 1012 bilem,
363 930 491 998 Sextum
513 931 730 1012 Peducaeum,
753 948 785 1000 et
805 934 979 1002 studiorum
1002 943 1119 1010 socium
1142 961 1175 1013 et

226 1052 361 1118 amicum
398 1051 656 1140 integerrimum,
699 1074 835 1142 quocum
881 1053 1025 1124 Ciceroni
1056 1062 1180 1153 sibique

227 1170 406 1237 consulebat
449 1170 656 1236 communiter
700 1172 894 1263 eandemque
933 1178 999 1244 iere
1034 1185 1179 1250 servabas

227 1290 339 1380 agendi
359 1293 526 1359 rationem.
551 1290 692 1378 Uterque
711 1291 849 1380 primum
872 1296 1001 1384 quidem
1022 1323 1085 1368 non
1099 1306 1174 1372 alie-

228 1433 287 1475 nus
304 1410 396 1475 fuisse
416 1408 577 1475 aconsiiio
601 1409 724 1476 ridetur
742 1412 874 1480 Romam
891 1415 1112 1510 relinquendi,
1139 1429 1178 1494 ad

229 1531 404 1620 exemplum
425 1529 632 1620 plurimorum
651 1529 790 1616 civium,
815 1535 870 1624 qui
890 1538 1075 1610 adventante
1095 1545 1175 1615 (iae-

229 1670 295 1716 sare
329 1673 366 1716 er
397 1652 474 1716 urbe
503 1654 697 1740 aufugerant.
765 1656 842 1722 Inde
873 1658 1007 1731 Cicero:
1044 1690 1065 1730 ‹<
1092 1669 1174 1752 Quin

230 1771 325 1836 etiam
349 1770 410 1835 tibi
430 1782 460 1835 at
492 1771 653 1837 Peducaeo
669 1815 709 1827 —
731 1774 854 1864 scripsit
884 1781 968 1846 enim
999 1785 1036 1850 ad
1066 1810 1118 1854 me
1132 1829 1178 1842 -

230 1890 307 1979 quid
330 1889 450 1956 faciatis
462 1939 472 1970 ,
497 1889 666 1957 ridendum
687 1906 743 1960 est.
785 1895 815 1961 Is
846 1887 931 1966 enini
959 1903 1105 1991 splendor
1134 1923 1179 1977 est

229 2013 387 2091 restrium,
422 2023 457 2077 ut
483 2011 590 2076 eadem
623 2015 856 2101 postulentura
890 2020 994 2102 robis,
1028 2048 1109 2114 quae
1138 2031 1178 2095 ab

230 2131 425 2221 amplissimis
443 2131 594 2198 civibus»
609 2136 637 2200 ¹.
685 2133 798 2225 Neque
818 2149 920 2205 tamen
942 2143 1065 2213 Atticus
1097 2151 1204 2239 pro-“

230 2253 367 2343 positum
389 2253 467 2318 illud
487 2255 643 2343 perfecit,
677 2256 729 2320 sed
762 2258 795 2322 in
825 2264 981 2349 praesenti
1010 2268 1126 2356 abjecit
1149 2286 1180 2338 et

231 2375 336 2464 quiete
369 2396 442 2440 cum
476 2373 577 2438 amico
616 2374 777 2440 turbarum
820 2381 937 2446 exitum
977 2392 1180 2476 exspectarit.

233 2494 376 2579 Quamvis
395 2505 500 2558 autem
517 2494 701 2581 Pompejum
723 2508 755 2561 et
784 2501 1016 2587 conjunctum²
1047 2508 1177 2578 haberet

231 2625 263 2678 et
283 2614 442 2694 amicum,
464 2635 652 2701 magnopere
673 2626 778 2680 tamen
800 2618 829 2682 ei
839 2633 909 2706 post
931 2623 1060 2714 iugam,
1085 2654 1179 2720 quam

230 2733 429 2804 vehementer
457 2733 678 2822 improbabat,
711 2735 819 2802 favisse
850 2761 913 2805 non
946 2743 1091 2828 ridetur,
1127 2751 1181 2816 sad

233 2855 282 2920 rel
300 2854 344 2921 sic
367 2869 555 2921 tamencum
567 2857 653 2925 nulia
673 2859 705 2923 in
718 2881 752 2924 ra
761 2858 889 2925 offendit
902 2866 931 2931 ³.
954 2860 1114 2932 Gaesarem
1126 2890 1185 2936 nec

231 2975 440 3063 contempsit,
476 2997 535 3040 nec
554 2976 588 3040 in
607 2977 728 3044 coelam
763 2980 845 3049 tulit.
871 2982 953 3049 Eum
973 2985 1104 3053 Romam
1129 3011 1181 3055 re·

119 3091 120 3096 ’
232 3117 375 3174 versum,
401 3109 436 3161 ut
461 3097 653 3185 jampridem
685 3121 789 3166 secum
822 3103 1075 3190 constituerat⁴‚
1106 3134 1181 3200 gra-

233 3214 354 3280 tulandi
386 3221 475 3281 causa
505 3237 578 3281 cum
607 3217 768 3285 Peducaeo
801 3221 880 3288 adiit
912 3225 1007 3315 eique
1034 3228 1065 3292 ia
1098 3234 1183 3322 regia

233 3336 398 3428 apparuit,
433 3336 486 3401 sed
522 3337 588 3415 ita,
621 3351 656 3404 ut
687 3342 832 3427 gravitati
863 3365 935 3410 suae
974 3360 1005 3413 et
1036 3347 1184 3440 dignitati

274 3567 282 3600 ¹
322 3577 381 3629 nib.
398 3574 465 3631 vlt.
484 3579 533 3645 sp.
552 3580 595 3631 13.
612 3581 625 3650 5
643 3583 668 3634 3.
686 3583 734 3635 cn.
754 3586 803 3651 sp.
823 3584 897 3656 aas
917 3589 947 3655 33
967 3591 1016 3656 up.
1037 3592 1112 3661 ης
1131 3598 1156 3644 ι.

271 3667 282 3702 ²
323 3679 391 3728 Gaas
411 3678 534 3730 Cornelia
551 3681 647 3745 anim,
667 3684 739 3734 unde
751 3685 868 3738 duxerat
884 3706 997 3741 uxorem
1014 3692 1160 3764 Pompajus
1169 3732 1180 3760 ,

234 3784 300 3829 teste
314 3775 453 3829 Plutarch.
471 3781 520 3830 aba
531 3781 616 3851 Pomp.
630 3801 656 3835 c.
672 3783 723 3836 tv,
744 3784 818 3850 init,
838 3786 970 3840 Caeciliae
985 3795 1075 3858 genti,
1095 3811 1108 3844 e
1128 3813 1183 3861 qua

233 3888 388 3934 maternum
402 3897 483 3944 genus
506 3883 610 3933 Atticus
628 3885 745 3937 ducebat
756 3923 765 3950 ,
786 3886 875 3939 affinis
895 3887 959 3941 suit.

272 3971 282 4004 ²
321 3979 406 4044 Nepos
424 3998 448 4030 c.
465 3977 531 4034 Vll.
551 3980 566 4048 i
583 3984 610 4037 2.

276 4056 290 4092 ⁴
324 4076 384 4128 ssa.
404 4075 478 4130 v111.
495 4081 544 4146 sp.
561 4084 590 4134 o.
618 4084 632 4150 ς
656 4087 682 4137 a.
