3042 5146
768 603 830 664 122

314 781 347 846 in
366 781 478 848 mediis
497 779 739 846 Atheniensibus
764 779 917 868 degebat,
941 782 1048 871 eequis
1077 786 1144 873 ejus
1176 809 1275 874 prae-

315 903 409 968 sentis
428 901 579 967 beneficia
601 921 664 965 nou
686 911 731 964 est
764 898 958 981 admiratus;
995 904 1103 993 ecquis
1134 906 1272 976 absentis

316 1047 379 1090 non
400 1024 620 1090 collaudabit?
662 1022 725 1086 Iliu
757 1023 843 1088 euim
877 1035 1042 1112 postquam
1074 1025 1107 1090 in
1138 1028 1273 1115 patriam

316 1143 429 1209 urbem
451 1143 609 1220 redierat,
633 1153 774 1208 aeterum
806 1139 965 1229 hospitum
994 1165 1113 1208 memor
1144 1147 1272 1213 unirer-

315 1284 362 1326 sos
383 1261 587 1328 Athenienses
602 1262 761 1327 frumento
781 1261 910 1328 donarit
931 1264 1121 1354 singulisque
1149 1269 1269 1356 septem

313 1380 435 1447 modios
465 1381 564 1447 tritici
597 1380 684 1448 dedit
700 1385 728 1449 ¹.
754 1382 873 1465 Quibus
890 1384 1018 1472 quidem
1040 1388 1150 1453 officiis
1177 1389 1271 1478 longe

315 1504 456 1590 profecto
477 1504 606 1582 aberat,
632 1513 688 1580 ut,
712 1504 818 1569 farore
838 1505 955 1570 civium
977 1507 1038 1572 sibi
1068 1525 1247 1598 comparato
1259 1561 1271 1592 ,

314 1622 482 1711 imperium
505 1621 662 1711 quoddam
680 1623 869 1712 Pomponius
897 1624 1066 1694 affectaret.
1115 1624 1270 1694 Constan-

314 1758 362 1810 ter
383 1745 490 1823 euim,
515 1755 549 1808 ut
566 1743 721 1822 vidimus,
746 1745 858 1810 abnuit
877 1767 983 1810 omnes
1021 1748 1178 1830 honores,
1212 1752 1270 1839 qui

310 1865 397 1932 ¹ultro
418 1866 477 1955 ipsi
495 1866 703 1930 offerebantur
724 1879 755 1930 et
779 1877 845 1930 tum
876 1863 1010 1931 Athenis
1039 1881 1070 1933 et
1096 1880 1202 1956 postea
1234 1871 1270 1934 in

312 1989 426 2075 patria.
474 1985 542 2052 Nee
564 1985 736 2073 quidquam
770 1999 860 2073 turpe
882 2008 982 2073 neque
1014 1987 1164 2054 illicitum
1194 1989 1270 2054 fru-

313 2108 412 2173 menti
423 2104 476 2171 illa
495 2105 664 2205 donatione
682 2106 910 2174 continebatur.
961 2107 1032 2172 Non
1054 2109 1200 2196 largitio
1213 2108 1270 2172 illa

312 2233 349 2292 in
369 2232 457 2294 cives
476 2227 555 2303 luit,
589 2223 640 2290 sed
664 2230 701 2288 in
721 2227 870 2314 hospites
893 2228 1085 2294 liberalitas
1099 2233 1129 2298 ².

397 2481 484 2544 Nepos
520 2497 546 2532 o.
576 2478 616 2530 11.
636 2474 972 2543 §uctciatiuvh
996 2480 1046 2544 Ep.
1073 2481 1101 2530 6.
1119 2479 1173 2546 §2·
1208 2480 1269 2530 Non

311 2587 402 2630 aulem
430 2577 586 2630 laciendum
607 2593 669 2626 cum
685 2576 719 2626 iis
737 2581 797 2640 est,
817 2576 866 2644 qui
882 2576 923 2626 bis
938 2575 1077 2645 ejusmodi
1103 2578 1206 2628 donum
1231 2581 1269 2629 ub

310 2681 400 2732 Attico
417 2679 445 2730 iu
466 2676 585 2744 hospites
602 2683 704 2729 veteres
724 2675 858 2726 collatum
884 2675 968 2726 luisse
986 2676 1155 2727 existimant.
1188 2678 1265 2742 Quod

310 2780 434 2832 silocum
448 2777 589 2828 habuisset
601 2813 611 2840 ‚
631 2775 729 2842 procul
753 2775 839 2824 dubio
853 2775 939 2840 Nepos
951 2782 1105 2842 narrassot3
1125 2783 1184 2824 turn
1202 2792 1268 2825 vero

308 2879 390 2928 etiam
415 2873 506 2943 major·
533 2873 588 2923 luit
613 2872 663 2923 illa
687 2873 819 2936 donatio,
848 2889 932 2938 quam
959 2879 990 2921 ut
1017 2871 1136 2922 biaeam
1160 2871 1263 2922 factam

308 2975 442 3041 auspicari
464 2973 557 3025 liceat.
571 2975 740 3040 Temporane
759 2975 845 3037 igitur
866 2973 1046 3025 conturbavit
1061 2972 1172 3040 Nepos?
1191 2969 1264 3024 Vero

308 3073 485 3125 conturbavit
496 3108 505 3135 ,
525 3073 572 3124 aad
582 3075 621 3123 ita
631 3080 661 3124 ut
670 3071 742 3122 nibil
753 3073 836 3140 plane
845 3074 990 3124 intorsitet
1000 3074 1128 3140 nosipsi,
1139 3073 1172 3124 de
1182 3074 1263 3124 Pom-

309 3179 389 3244 ponio
401 3175 514 3227 Athenis
537 3177 648 3240 degente
660 3178 743 3227 verba
766 3175 879 3226 facienti
887 3211 898 3240 ,
919 3172 1001 3224 facile
1020 3174 1116 3224 demus
1134 3173 1261 3238 reniam,

305 3279 378 3344 quod
396 3295 447 3327 uon
468 3276 546 3327 anxie
564 3278 600 3326 sit
618 3283 739 3342 tempora
761 3282 889 3338 secutus,
910 3291 998 3341 quum
1018 3274 1047 3323 id
1063 3281 1195 3340 spectaret
1210 3290 1261 3338 po-

306 3377 379 3440 tius,
402 3384 432 3426 ut
451 3374 570 3438 singulus
595 3375 680 3425 Attici
704 3374 823 3426 virtutes
851 3375 932 3438 digna
958 3374 1063 3424 ratione
1088 3373 1260 3442 praedicaret

306 3495 388 3543 quam
415 3484 540 3526 accurate
568 3475 602 3524 ad
630 3476 762 3542 temporis
789 3491 916 3525 normam
944 3483 1118 3542 proponeret.
1154 3474 1204 3527 eff.
1226 3475 1259 3523 de

304 3579 436 3642 Fremery
453 3595 481 3642 p.
498 3576 530 3627 tl
551 3583 578 3625 ct
595 3574 831 3626 Lieberlruchnius
848 3594 875 3642 p.
896 3575 939 3627 55.
975 3571 1051 3625 ldem
1070 3574 1215 3626 dicendum
1226 3574 1259 3624 de

308 3676 430 3741 auxilio,
454 3677 527 3743 quod
544 3673 667 3727 Ciceroni
687 3691 719 3723 cx
740 3677 832 3740 patria
855 3675 971 3739 fugienti
991 3674 1097 3725 Atticus
1125 3673 1219 3724 tulisse
1243 3692 1257 3724 a

307 3779 407 3843 Nepote
428 3777 549 3842 dicitur,
572 3793 597 3827 c.
613 3775 659 3826 IV.
681 3772 695 3836 S
717 3773 743 3840 4.

342 3867 353 3899 ²
395 3875 436 3926 lta
466 3866 687 3928 diserte'Cicero
709 3877 759 3942 Ep.
783 3875 862 3928 laud.
884 3873 1070 3927 Nihilominus
1087 3873 1178 3924 Abbas
1210 3877 1259 3924 At-

307 3975 356 4026 tici
381 3975 580 4028 liberalitatem
610 3982 765 4042 suspectam
792 3975 907 4026 reddere
932 3980 1056 4026 conatur.
1100 3973 1184 4038 Nam,
1206 3973 1258 4022 loci

315 4073 486 4126 Ciceroniani
518 4079 610 4142 priore
637 4073 873 4143 parteappositla,
898 4075 935 4124 sic
959 4073 1085 4124 disserit:
1123 4073 1258 4124 «Callis-
