3042 5140
724 631 786 692 lm

261 807 342 873 nihil
359 806 449 872 nohis
470 803 584 894 reliqui
605 806 694 870 eriis
717 807 892 872 factumest
913 807 973 872 nisi
998 809 1093 873 rerha
1119 830 1213 898 quaes

260 927 333 994 dam
364 925 618 1014 sententiaeque,
654 945 726 995 cum
759 922 972 992 Ciceronianis
991 927 1086 993 simul
1112 949 1214 994 serra·

262 1059 310 1116 tae
324 1097 334 1126 ,
346 1068 426 1135 quae
438 1057 541 1110 tamen
555 1045 639 1132 ipsas
650 1043 689 1108 ad
703 1044 879 1110 universum
898 1044 1024 1112 illarum
1037 1053 1215 1132 χαρακτῆρα

258 1163 497 1254 dijudicandum
529 1184 592 1228 non
631 1161 765 1232 multum
786 1164 930 1228 conferre
975 1175 1127 1251 possunt,
1160 1161 1213 1226 sed

259 1289 361 1352 valent
380 1281 613 1373 quodammodo
642 1281 682 1346 ad
703 1283 976 1376 comprobandum
1002 1281 1162 1349 Ciceronis
1172 1282 1212 1346 de

258 1406 296 1472 iis
311 1404 481 1493 judicium.
529 1401 710 1468 &cundum
732 1403 818 1470 huno
837 1405 932 1494 igitur
944 1403 1211 1492 Atticillpistolae

257 1545 378 1614 semper
389 1523 501 1612 insigni
511 1546 544 1590 se
556 1524 814 1592 commendarunt
822 1528 992 1614 prudentia
1005 1580 1014 1608 ‚
1039 1527 1205 1592 verborum

254 1647 380 1714 delectu
399 1667 435 1713 ac
470 1646 642 1724 suavitate,
678 1645 805 1710 dicendi
836 1646 990 1734 elegantia
1022 1669 1059 1712 ao
1088 1647 1205 1713 nitore.

259 1765 433 1857 Aliquoties
454 1765 487 1829 id
510 1763 631 1830 disertis
652 1765 754 1832 verbis
782 1766 945 1844 enuntiat,
979 1767 1119 1856 quamvis
1139 1788 1212 1854 por·

256 1889 392 1954 cissime.
428 1885 581 1974 «Accepi
604 1895 672 1952 luas
694 1886 748 1950 tris
769 1887 835 1972 jam
861 1885 1036 1974 epistolas»
1048 1931 1060 1964 ,
1081 1885 1207 1973 inquit,

258 2031 280 2072 t<
293 2029 372 2097 quae
392 2008 519 2071 fuerunt
541 2028 647 2070 omnes
675 2005 848 2073 rhetorum.
907 2009 989 2077 Pure
1016 2008 1211 2097 loquuntur,

259 2149 357 2217 quum
374 2126 579 2192 humanitatis
606 2147 728 2216 sparsae
746 2124 831 2207 sale,
855 2138 923 2192 tum
944 2126 1078 2215 insignes
1098 2128 1212 2193 aaronis

257 2250 371 2315 notis»
387 2255 415 2316 ¹·.
463 2246 606 2312 Deinde.-
645 2247 785 2312 «Natali
810 2245 862 2312 die
881 2258 936 2316 tuo
964 2245 1113 2336 scripsisti
1140 2247 1208 2336 epi·

256 2369 367 2435 stolam
403 2367 441 2432 ad
472 2389 548 2446 me,
582 2365 708 2454 plenam
735 2365 858 2434 consilii
882 2389 1086 2456 summaeque
1108 2389 1206 2456 quum

257 2490 493 2565 benevolentiae
522 2487 708 2552 tumetium
741 2486 960 2575 prudentiae»
976 2493 1003 2559 ²,
1060 2489 1208 2559 Miratum

255 2634 286 2676 se
314 2609 432 2680 alieubi
451 2611 608 2686 affirmat,
634 2619 668 2672 ut
699 2607 776 2673 vidit
799 2608 989 2696 obsignatam
1018 2610 1119 2676 Attici
1138 2611 1207 2699 epi-

253 2730 383 2810 stolam,
408 2729 592 2795 brevitatem
617 2728 701 2815 ejus,
725 2728 915 2818 utaperuit‚
940 2750 1043 2794 rursus
1055 2738 1202 2815 σύγχυσιν
1261 2789 1264 2796 .

252 2851 471 2928 literularnm,
502 2871 582 2939 qnae
601 2848 735 2914 solerent
752 2847 1027 2938 compositissimae
1045 2860 1077 2913 et
1096 2850 1203 2915 claris·

250 2971 348 3036 simae
372 2989 461 3050 esse;
485 2991 660 3047 monneto,
686 2991 784 3058 quum
797 2970 919 3035 febrem
928 2970 1118 3058 cognovisset
1128 2993 1202 3036 can·

168 3093 173 3100 '
251 3114 341 3170 sam,
366 3089 476 3154 mirari
486 3112 517 3153 se
527 3089 650 3154 desiisse
667 3094 696 3155 ⁸.
745 3092 887 3156 Fuerunt
898 3104 1005 3160 autem
1018 3094 1199 3181 utriusque,

253 3224 317 3276 tarn
346 3211 445 3276 Attici
469 3231 563 3297 quam
585 3208 767 3288 Ciceronis,
793 3209 950 3298 Epistolae
972 3232 1009 3274 eo
1031 3211 1126 3275 etiam
1145 3233 1202 3275 no·

253 3332 338 3403 mine
368 3331 522 3421 insignes,
557 3331 640 3421 quod
655 3377 665 3410 ‚
701 3329 860 3420 exquisitis
884 3331 1073 3396 Graecorum
1093 3339 1205 3420 poe'ta·

253 3475 323 3520 rum
347 3450 669 3541 philosophorumque
690 3450 850 3516 sententiis
871 3449 1059 3539 plerumque
1071 3450 1203 3516 adorna

251 3702 362 3752 quoque
386 3701 507 3756 unquam
531 3684 558 3741 in
579 3682 668 3734 lucem
688 3683 854 3749 prodirent,
875 3683 992 3750 quisine
1006 3687 1089 3735 Attici
1102 3684 1206 3740 anxilio

251 3782 330 3840 nullo
348 3790 427 3850 pacto
445 3791 549 3836 tantam
568 3783 690 3850 syllogen
708 3784 839 3849 potuisset
857 3783 886 3840 in
905 3785 1001 3848 vulgus
1019 3786 1108 3844 odoro.

291 3877 301 3908 ¹
340 3877 398 3928 Lib.
417 3877 440 3929 1.
460 3880 506 3944 Ep.
528 3881 571 3934 13.
590 3880 603 3949 §
622 3884 645 3930 1.

202 4015 205 4023 r
289 3969 300 4003 ²
340 3974 400 4026 Lib.
422 3974 466 4032 lll·
488 3979 537 4044 Ep.
555 3978 580 4031 5.
596 3983 616 4047 5
637 3985 662 4030 1.

288 4069 300 4108 ³
340 4073 399 4132 hil).
418 4076 465 4128 Vl.
486 4077 533 4142 Ep.-
554 4079 657 4144 mor,
