3042 5140
681 616 744 683 14⁷

233 813 343 866 testate
372 799 561 887 optimorum
575 802 603 866 ¹.
664 773 731 881 Qua
764 769 863 887 quum
892 798 1047 864 contineri
1086 801 1179 866 uuice

233 922 366 990 civitatis
383 921 513 986 salutem
535 919 595 986 sibi
610 919 827 1007 persuasisset,
852 941 915 984 non
947 918 1103 986 dubitarit
1125 932 1178 986 et·

231 1046 316 1124 iam,
350 1042 634 1131 quemadmodum
655 1041 730 1106 alibi
760 1043 956 1130 exposuimus
973 1048 1013 1122 ²,
1049 1065 1177 1132 operam

229 1185 314 1228 suam
334 1185 406 1227 cum
435 1162 531 1227 Tullii
550 1163 712 1230 conatibus
742 1165 954 1252 conJ'uugere;
990 1165 1075 1254 quod
1111 1165 1182 1231 uni·

229 1306 301 1348 curu
329 1282 446 1348 baberi
477 1282 598 1348 facinus
628 1284 745 1365 debet,
778 1285 817 1349 ab
852 1284 957 1352 Attico
989 1286 1183 1376 reipublicae

228 1406 320 1470 causa
338 1404 465 1492 publice
488 1414 663 1494 peractum.
723 1405 767 1472 Ut
794 1427 866 1470 rero
893 1406 1103 1474 aristocratiae
1126 1407 1179 1474 ille

226 1525 376 1606 favebat,
412 1526 455 1591 ita
486 1551 504 1590 a
531 1525 721 1612 tyrannide,
757 1531 843 1594 certa
876 1529 1040 1598 civitatum
1070 1543 1181 1620 peste,

227 1647 430 1726 abhorrebat,
478 1648 547 1731 Quo
566 1663 600 1714 nt
634 1647 839 1714 nihilomiuus
861 1672 908 1714 res
929 1672 1055 1740 vergere
1083 1650 1183 1731 vidit,

228 1771 369 1860 quietem
390 1769 453 1858 egit
473 1782 567 1859 atque
579 1792 616 1836 ex
637 1767 838 1860 politicorum
857 1769 1032 1860 praeceptis
1048 1771 1184 1858 tempori

227 1909 259 1959 et
293 1891 461 1960 uictoribus
503 1893 663 1983 paruit³;
699 1892 737 1958 ad
766 1913 901 1981 quorum
934 1897 1182 1958 tamen’nutum

227 2029 294 2080 tam
313 2015 403 2104 longe
426 2015 555 2094 aberat,
582 2026 616 2079 ut
639 2014 774 2102 turpiter
785 2035 817 2078 se
842 2025 1021 2103 torqueret,
1046 2027 1081 2078 ut
1093 2036 1179 2080 suam

226 2161 350 2228 semper
385 2137 569 2226 dignitatem
589 2139 711 2227 egregie
730 2140 907 2210 servaverit.
955 2142 1069 2219 Unde,
1106 2153 1182 2208 teste

227 2259 405 2338 Cicerone,
439 2259 526 2324 valde
563 2263 592 2322 ei
625 2259 742 2324 solebat
773 2261 807 2324 in
829 2283 882 2325 ore
905 2284 968 2326 esse
991 2262 1052 2327 hoo
1072 2263 1183 2328 ueteris

224 2391 341 2470 potitae
360 2380 507 2444 effatum:

774 2524 794 2562 r<
808 2500 961 2567 Granius
982 2513 1089 2567 autem
1180 2567 1184 2580 ,

273 2623 350 2689 Nou
371 2629 573 2688 contonam
594 2644 629 2687 se
650 2633 682 2686 ct
704 2643 801 2710 regas
823 2621 1101 2709 odisse-superbos
1114 2645 1135 2685 >r
1152 2625 1187 2688 ⁴:

226 2746 270 2811 Et
304 2744 350 2808 sic
378 2743 529 2832 quidem,
563 2743 621 2808 etsi
648 2742 759 2806 naturai
781 2752 847 2806 erut
867 2741 1048 2819 πολιτικός,
1080 2751 1184 2806 tamen

224 2860 347 2926 nullam
379 2861 491 2928 habuit
519 2861 681 2952 propriam
710 2862 913 2939 servitutem,
947 2882 1042 2949 seque
1072 2882 1183 2948 magno

224 2983 345 3069 cuique
385 2967 558 3049 discrimini
599 2987 653 3048 suri
688 2985 855 3072 prudentia
898 2983 1088 3049 incolumem
1124 2984 1186 3047 eri-

221 3102 349 3192 puit⁵,
380 3115 415 3167 ut
457 3101 506 3168 rel
537 3107 602 3192 ejus
629 3105 770 3192 exemplo
803 3125 874 3170 rere
903 3103 1012 3168 dixisse
1041 3103 1187 3168 Tacitum

223 3233 395 3313 appareat:
423 3246 443 3286 «
465 3223 520 3288 Est
551 3223 670 3312 aliquid
702 3224 734 3287 in
768 3222 879 3288 nostris
906 3221 1064 3302 consiliis,
1092 3221 1188 3290 lieet·

225 3367 291 3433 que
314 3345 396 3410 iuter
419 3345 585 3434 abruptam
608 3343 840 3409 contumaciam
862 3354 893 3407 et
925 3340 1064 3406 deforme
1095 3341 1188 3406 obse-

264 3583 273 3616 ¹
317 3587 802 3659 Cic·doLsgg·Lib.like-1705
839 3596 862 3646 7·
943 3618 947 3627 ·

262 3683 273 3715 ²
318 3683 360 3738 Cf.
378 3706 459 3754 supra
479 3709 508 3755 p.
528 3691 572 3744 38·

263 3783 275 3817 ³
315 3788 376 3837 Lib.
393 3786 458 3840 XII.
477 3791 509 3839 ad
526 3786 579 3842 Aa.
597 3791 645 3856 Ep.
664 3790 712 3842 51·
726 3792 789 3857 Μ.
808 3791 858 3845 Cff.
875 3792 936 3844 Lib.
956 3795 986 3846 Χ.
1006 3795 1053 3859 Ep.
1073 3795 1185 3864 ΜΓ,

218 3890 288 3944 Lib.
307 3885 366 3942 XV.
387 3890 436 3955 Ep.
455 3891 480 3942 3.
499 3892 515 3956 §
536 3894 561 3942 1.

261 3987 273 4021 '¹
314 3988 373 4040 Lib.
391 3987 512 4056 Vhltp,
533 3993 638 4059 3.§7.

264 4093 276 4126 ⁵
318 4089 383 4145 Lib.
402 4089 442 4143 lV
472 4091 520 4156 Ep.
539 4094 563 4143 6.
585 4095 600 4160 §
622 4096 648 4146 l.
