2970 5144
667 586 752 648 7³:37

211 803 224 840 1,-
237 783 502 854 magnam-seeum
516 779 643 840 manum
654 761 824 833 adduceret
836 814 847 845 ,
858 763 1199 853 quaallioeronicon·

230 885 585 974 sulatumprneriperet.
609 884 883 954 toouooauioum
893 886 928 952 in
953 886 1203 954 Graecianbsen·

235 1021 319 1087 tem,
364 1004 513 1096 quoniam
532 1002 662 1094 propius
681 1004 802 1086 abesset
813 1052 832 1085 „
845 1021 1033 1094 rogaverat,
1057 1017 1092 1072 nt
1112 1005 1197 1094 apud

212 1128 416 1216 ..Pompejnm
440 1148 474 1226 eo,
489 1127 870 1217 auraret‚effi0eretqne,
902 1140 938 1193 ut
958 1129 1064 1196 isnon
1085 1128 1199 1196 dimit-

231 1261 334 1329 teret,
358 1248 481 1338 quasin
494 1269 550 1324 suo
568 1247 720 1320 comitatu
752 1247 873 1319 nobiles
901 1247 984 1318 siros
1001 1248 1150 1318 lrabebat
1166 1254 1196 1319 ¹.

230 1370 276 1442 [Eo
296 1370 393 1459 magis
414 1381 522 1439 autern
543 1367 642 1438 Anici
659 1369 811 1442 auxilium
825 1368 936 1436 Cicero
956 1369 1199 1459 imploraverat,

230 1491 314 1578 quod
328 1539 337 1569 ‚
351 1513 442 1580 vqnos
461 1490 581 1556 nobiles
606 1491 749 1558 homines
794 1511 849 1555 suo
876 1489 990 1557 honori
1010 1491 1198 1558 adrersauios

231 1632 263 1676 se
283 1609 466 1678 habiturum
478 1611 687 1701 opinabatur,
711 1633 882 1684 aesomnes
906 1610 1196 1682 Atticifamiliares

231 1737 462 1820 cognomraw.
520 1732 620 1812 Nam,
641 1731 716 1805 lieet
746 1731 801 1798 hie
834 1732 971 1798 tamdiu
1006 1733 1193 1798 Romaan-

229 1851 357 1932 fuisset‚
388 1851 559 1943 aliquoties.
586 1865 691 1917 tamen
721 1873 759 1916 eo
786 1873 925 1917 resersus
956 1852 1108 1940 plurimos
1143 1852 1192 1934 di-

226 1972 348 2060 ‘gpitate
358 1984 400 2046 et
410 1971 592 2052 munoribus
617 1971 655 2036 io.
670 1970 834 2060 republica
847 1971 1030 2061 conspicuos
1042 1970 1191 2040 virossibi

215 2092 367 2161 amicitia
389 2092 439 2160 vel
460 2093 665 2179 conjunxerat
685 2089 733 2156 vel
747 2092 938 2179 'coujunctos
971 2091 1067 2181 magis
1095 2091 1189 2158 etiam
1211 2063 1215 2071 ’

210 2211 444 2282 obstrinxerat.
501 2211 697 2302 Quamquam
732 2222 837 2276 autem
871 2210 950 2302 quid
988 2213 1026 2278 ad
1062 2210 1188 2308 Cicero-

224 2332 272 2400 nis
293 2332 539 2422 designationem
560 2331 684 2398 Atticus
707 2330 898 2412 contulerit,
932 2333 1061 2422 proprie
1093 2327 1186 2422 igno-
1237 2423 1239 2432 Ι

224 2474 351 2540 ramus,
374 2453 422 2523 rel
443 2453 487 2519 sie
505 2465 608 2520 tamen
630 2451 804 2542 plurimum
827 2455 894 2544 spei
917 2456 949 2520 in
971 2457 1025 2523 illo
1046 2455 1185 2524 Tullium

222 2575 358 2665 posuisse
378 2579 449 2644 satis
476 2587 597 2645 constat
627 2587 682 2655 et,
716 2576 741 2643 si
765 2577 844 2667 qnid
874 2599 913 2644 er
932 2578 993 2659 iis,
1015 2599 1096 2670 qnae
1115 2592 1185 2669 post

222 2698 426 2772 Consulatum
451 2700 491 2766 de
517 2700 616 2768 Attici
646 2700 680 2764 in
698 2722 729 2766 sa
752 2697 863 2766 officiis
880 2701 1021 2766 universe
1043 2720 1184 2789 pronun-

220 2821 276 2888 tiat
289 2834 454 2900 ,statuere
475 2821 573 2899 lieet,
596 2833 664 2886 tum
687 2832 772 2888 certe
793 2841 855 2886 uon
884 2819 1066 2888 dubitamus
1098 2820 1182 2886 affir-

219 2964 329 3022 mare,
352 2955 474 3008 tantum
492 2956 523 3008 et
543 2954 615 3008 ante
637 2954 669 3007 et
687 2965 745 3031 per
757 2939 967 3008 Consulatum
980 2943 1020 3007 ab
1032 2941 1181 3009 Attiooin

209 3069 406 3139 Binemmm
440 3073 534 3139 fuisse
566 3073 773 3162 prolectam,
813 3083 967 3159 quantum
994 3070 1042 3134 ab
1069 3069 1181 3134 intimo

218 3213 324 3258 amore
357 3196 542 3285 summique
583 3193 648 3260 lide
678 3193 839 3284 prolioisoi
882 3193 1064 3282 potuerit³.
1122 3193 1180 3256 Per

256 3359 266 3390 ¹
306 3367 367 3420 uib.
384 3381 385 3387 ’
404 3371 429 3422 Ι.
459 3370 508 3436 Ep.
537 3374 564 3421 l.
591 3369 605 3437 5
631 3369 658 3420 2·
678 3369 789 3419 Secutus
809 3383 870 3417 suna
893 3365 1101 3438 Sulruetniau'am
1125 3367 1179 3418 loci

216 3469 495 3535 interpretationem.
514 3486 585 3538 quae
603 3469 686 3521 alteri
705 3469 816 3522 videtur
832 3475 981 3537 praestaro.

254 3561 265 3594 ²
305 3569 364 3621 nib.
395 3569 422 3624 l.
451 3567 501 3639 up.
533 3572 563 3623 ᾖ.
585 3570 599 3638 5
618 3571 645 3623 2.
662 3570 721 3621 tlon
739 3568 870 3622 dubitare
888 3587 915 3622 se
942 3575 982 3621 ait
1000 3570 1178 3638 ll'ielnndus,

214 3666 325 3718 Cicero’r
340 3669 493 3722 summellam
506 3672 616 3740 Bra'ese,
637 3673 716 3726 Tom.
736 3671 759 3722 l.
768 3691 798 3738 p.
812 3671 863 3724 259
876 3709 886 3737 ‚
910 3677 979 3738 quin
991 3672 1045 3724 illo
1056 3680 1178 3740 tempore

215 3769 301 3821 Attici
319 3771 455 3824 industria
474 3773 504 3824 iu
522 3791 553 3825 eo
577 3779 640 3824 ante
658 3771 750 3824 omnia
770 3791 784 3822 a
804 3773 934 3824 Cicerone
953 3771 1176 3824 desideraretur.

214 3877 243 3919 ut
268 3866 397 3923 Grannum
426 3879 454 3924 et
479 3876 644 3937 Gaesarem,
673 3871 821 3924 Lucullum
857 3879 884 3922 et
923 3873 1095 3924 Hortensium
1123 3874 1176 3939 ipsi

211 3967 374 4022 conciliaret
384 4009 394 4036 ,
414 3972 499 4040 idque
519 3973 625 4025 idoneis
647 3972 820 4036 argumentis
840 3971 970 4040 explieat.

251 4065 262 4098 ³
302 4069 354 4123 cff.
373 4071 530 4124 Wielnndus
549 4071 717 4138 Tona.1.p.
739 4073 812 4138 2605
834 4070 943 4125 ubeteu
965 4089 993 4139 p·
1012 4074 1053 4128 ³1.
