3042 5140
754 422 818 484 168

313 598 405 664 rendi
433 612 620 689 praecepta,
657 623 715 664 nec
750 611 796 664 tot
816 598 963 664 vitiorum
986 599 1175 665 effectricem
1197 613 1268 666 turn

313 723 429 801 fuisse,
463 723 586 813 qualem
608 745 677 788 eam
710 735 839 812 postea,
873 721 912 786 ab
932 720 1005 808 ipsis
1027 719 1157 808 Epicuri
1181 744 1269 786 asse-

310 842 366 908 clis
388 843 609 932 depravatam,
632 839 734 908 Stoici
744 841 877 905 maxime
887 853 1116 928 proposuerunt
1133 843 1163 907 ¹.
1201 841 1266 906 Ve-

312 976 477 1027 runtamen
507 985 570 1027 non
606 963 631 1025 is
659 964 781 1029 Atticus
816 963 876 1028 luit
909 963 1041 1026 Zenonis
1069 961 1269 1052 Phaedriqne

313 1085 459 1164 auditor,
483 1086 539 1174 qui
559 1097 676 1149 temere
697 1085 801 1148 omnia
821 1085 972 1173 arriperet
994 1095 1024 1148 et
1049 1082 1182 1148 velutin
1195 1107 1269 1148 ma-

312 1203 400 1294 gistri
419 1206 512 1269 rerba
528 1205 669 1294 juraret3
691 1204 814 1292 judicio
838 1205 885 1270 uti
908 1205 1036 1293 ipseque
1055 1205 1086 1270 in
1098 1206 1268 1270 sententia-

312 1347 384 1390 rum
419 1325 581 1390 veritatem
621 1337 652 1388 ct
691 1324 911 1414 praestantiam
944 1325 1102 1414 inquirere
1136 1325 1265 1392 solebat.

214 1469 223 1477 ·
314 1443 395 1510 (lum
421 1445 578 1512 Antiocho
598 1456 702 1510 autem
724 1445 840 1512 virenti
860 1446 951 1535 eopia
975 1446 1073 1510 fiebat
1094 1444 1281 1536 Academi--

312 1585 421 1630 corum
442 1565 517 1630 item
536 1566 732 1656 disciplinam
753 1567 959 1654 cognoscendi
982 1567 1022 1632 ad
1044 1569 1173 1655 ejusque
1193 1590 1267 1631 nor-

314 1709 396 1752 mam
428 1688 559 1775 Epicuri
591 1690 706 1778 placita
737 1689 943 1778 dijudicandi.
991 1692 1039 1756 lta
1073 1692 1200 1771 evenit,
1234 1705 1268 1756 ut

315 1808 404 1897 plura
426 1809 486 1874 sibi
508 1811 646 1900 reperire
666 1811 699 1874 in
722 1811 770 1877 his
782 1811 963 1892 rideretur,
989 1835 1068 1901 quae
1080 1813 1183 1877 minus
1195 1836 1268 1901 pro-

315 1934 404 1997 baret
442 1946 473 1997 et
502 1934 640 2000 lacerent
670 1956 791 2021 paene,
829 1947 882 2013 ut,
917 1933 1008 2014 misso
1041 1933 1201 2022 llpicuro,
1238 1955 1269 1996 se

315 2051 513 2118 Academicis
543 2052 737 2141 adjungeret.
785 2055 866 2119 Eum
887 2056 932 2120 sic
964 2055 1109 2120 allectum
1139 2051 1271 2118 Athenis

314 2172 388 2261 ipsis
412 2170 523 2255 (licem
544 2173 660 2263 aliique
690 2175 886 2258 offenderunt
907 2189 959 2256 et,
980 2177 1117 2266 Epicuro
1138 2198 1196 2263 pro
1215 2199 1267 2240 sna

316 2291 465 2379 opinione
484 2293 577 2358 nimis
599 2294 694 2360 etiam
716 2295 858 2362 deditum
871 2269 1035 2385 putantes,
1060 2296 1266 2362 familiaribus

315 2415 532 2495 sermonibus,
567 2429 601 2480 ut
633 2417 687 2496 fit,
712 2417 812 2482 amice
834 2419 954 2506 saepius
975 2431 1124 2508 tanquam
1141 2419 1271 2508 Epicuri

317 2539 416 2627 gregis
444 2539 599 2604 fautorem
626 2539 840 2628 exagitarent,
872 2539 967 2629 idque
996 2551 1125 2628 postea,
1151 2539 1271 2626 quoties

315 2659 435 2724 occasio
476 2659 618 2739 ferebat,
650 2660 779 2748 jocandi
812 2671 1029 2750 argumentum
1061 2671 1270 2747 sumpserunt.

319 2781 404 2862 Quae
437 2803 527 2845 causa
557 2781 765 2846 verisimiliter
797 2781 932 2858 exstitit,
968 2793 1000 2844 ut
1021 2800 1181 2867 nunquam
1200 2778 1270 2842 labe
1364 2865 1369 2872 ἱ

316 2900 370 2964 illa
401 2901 523 2967 Atticus
554 2925 584 2967 se
617 2903 749 2968 liberare
782 2903 945 2990 potuerit,
970 2900 1023 2966 sed
1044 2897 1177 2987 vulgaris
1198 2919 1270 2986 per-

315 3026 462 3090 manserit
473 3027 646 3106 sententia,
659 3028 798 3094 Atticum
811 3046 875 3090 esse
887 3023 1089 3111 Epicureum.
1115 3016 1205 3102 Quod
1219 3041 1272 3082 ve·

317 3171 353 3212 ro
365 3148 496 3213 Athenis
503 3151 570 3236 jam
583 3149 758 3214 instituerat
774 3153 786 3189 ²
804 3197 812 3227 ,
825 3145 855 3210 id
869 3146 986 3209 Romae
998 3163 1155 3206 renovasse
1164 3125 1277 3203 sedulo*

318 3269 430 3335 Cicero
450 3268 573 3334 ridetur
585 3283 616 3334 et
631 3282 698 3336 tum
711 3268 1014 3336 confabulationibus
1032 3265 1139 3330 amicis
1153 3285 1188 3328 ac
1208 3261 1269 3326 dis·

317 3391 532 3477 putationibus
546 3439 555 3470 ,
581 3405 647 3456 tum
662 3395 793 3458 maxime
804 3390 996 3482 philosophis
1014 3391 1074 3457 suis
1093 3389 1264 3478 operibus³

355 3599 366 3634 ¹
405 3597 447 3654 Cf.
464 3601 603 3672 judicium
622 3605 752 3675 Senecae,
772 3607 846 3672 qnod
864 3603 965 3668 legitur
980 3605 1009 3654 de
1021 3605 1070 3652 vita
1083 3601 1150 3650 beata
1160 3595 1272 3650 c.lllll·

353 3700 364 3733 ²
405 3701 814 3774 deFin.Lib.l.c.5.§16.

359 3799 369 3831 ³
409 3801 638 3858 tih.X.adAu.
661 3798 1272 3873 ap,4.§4;nrn.xv.np.e.§t;np.

318 3903 347 3970 4.
366 3905 380 3975 ,Ε
398 3905 435 3969 2,
463 3907 511 3955 ubi
531 3906 621 3969 agitur
640 3908 672 3958 de
695 3909 840 3958 Tusculanis
858 3906 1081 3975 Dispuran‘om'tus,
1107 3902 1208 3968 quibus
1223 3898 1271 3950 At·
