3042 5146
844 603 888 665 60

295 787 301 796 ’
378 783 567 848 adamicum
588 782 813 871 perscribente.
879 782 1037 867 Quaedam
1065 783 1141 850 inde
1170 783 1341 874 decerpere

373 907 488 992 jurat,
515 927 599 994 quo,
625 904 806 969 conditione
831 903 989 970 Romanae
1023 904 1157 971 ciritatis
1191 927 1228 970 eu
1262 919 1342 980 tem·

374 1049 451 1114 pore
470 1025 617 1115 cogniti,
637 1025 763 1114 reliqua
787 1024 982 1090 commodius
1003 1047 1245 1116 persequamur.
1273 1029 1341 1094 -lle

373 1173 408 1214 ea
427 1149 521 1237 igitur
543 1151 587 1213 sic
608 1147 646 1212 ad
674 1145 818 1212 Atticum
851 1145 971 1211 Tullius
999 1147 1129 1215 scribite
1173 1169 1194 1210 r<
1221 1147 1337 1212 Amisi-

372 1295 466 1350 mus,
491 1272 535 1336 mi
555 1271 733 1360 Pomponi,
762 1293 888 1336 omnem
914 1293 977 1337 nou
1013 1271 1107 1336 modo
1133 1290 1261 1342 succum
1297 1295 1336 1337 ac

373 1393 577 1481 sanguinem,
602 1391 764 1458 sedetiam
784 1392 920 1457 colerem
941 1415 977 1456 ac
1011 1392 1148 1480 speciem
1169 1392 1337 1479 pristinam

372 1515 519 1583 civitatis.
566 1513 660 1579 Nulla
688 1527 732 1578 est
766 1512 965 1602 respublica,
1002 1534 1082 1602 qnae
1102 1511 1260 1592 delectet,
1295 1514 1330 1578 in

372 1657 434 1723 qua
453 1635 662 1723 acquiescam.
710 1631 788 1696 Idne
810 1632 925 1719 igitur,
959 1631 1104 1720 inquies,
1129 1632 1221 1696 facile
1241 1630 1333 1696 fers?

372 1753 543 1843 idipsum.
592 1751 752 1818 Recordor
774 1752 879 1828 enim,
905 1773 1000 1840 quam
1029 1751 1110 1818 bella
1135 1752 1329 1842 paullisper,
1414 1755 1417 1759 ’

368 1875 459 1939 nobis
478 1873 747 1962 gubernantibus,
773 1871 880 1936 civitas
899 1872 1018 1950 fuerit;
1047 1894 1126 1960 quae
1149 1873 1230 1938 mihi
1250 1895 1326 1962 gra·

371 1996 413 2059 tia
447 1996 542 2058 relata
576 1993 626 2059 sit.
686 1992 798 2058 Nullus
830 1992 919 2058 dolor
940 2015 992 2058 me
1024 1995 1119 2082 angit.
1144 1997 1330 2062 -'Domus

370 2137 421 2180 me
442 2129 474 2181 et
494 2137 566 2180 rura
589 2127 692 2179 nostra
714 2113 883 2182 delectant.
937 2114 1008 2180 Non
1040 2117 1208 2196 recordor,
1244 2118 1330 2184 unde

369 2236 559 2316 ceciderim,
584 2236 636 2300 sed
665 2236 748 2300 unde
770 2238 967 2306 surrexerim.
1025 2239 1168 2304 Fratrem
1199 2263 1326 2307 mecum

369 2371 401 2422 et
421 2358 446 2422 si
476 2371 507 2422 te
536 2357 682 2437 habebo,
717 2382 775 2448 per
807 2381 857 2424 me
890 2361 946 2426 ista
976 2361 1110 2449 pedibus
1139 2362 1320 2428 trahantur:

365 2479 455 2543 robis
483 2480 723 2562 ἐμφιλοσοφῆσαι
749 2502 885 2568 possum.
911 2519 956 2532 ·-
979 2481 1092 2547 Mirum
1123 2485 1323 2550 securitatem

365 2597 505 2680 ridebis3
550 2602 638 2686 cujus
670 2599 825 2686 plurimae
856 2599 1037 2666 mehercule
1064 2616 1167 2690 partes
1194 2604 1321 2669 suntin

363 2733 418 2785 tuo
441 2720 556 2788 reditu.
605 2722 705 2787 Nemo
725 2723 810 2786 enim
830 2721 965 2786 interris
987 2735 1032 2790 est
1051 2721 1132 2788 mibi
1151 2736 1216 2791 tarn
1239 2745 1321 2788 con·

362 2844 567 2912 sentientibus
605 2843 755 2912 sensibus.
779 2879 825 2894 -
849 2843 995 2907 Resiluit
1014 2841 1053 2906 ad
1075 2843 1314 2932 interregnum

361 2981 393 3032 et
414 2979 459 3031 est
488 2963 654 3029 nonnullus
685 2963 762 3027 odor
786 2961 961 3026 dictaturae
978 2966 1030 3026 ¹».
1089 2964 1182 3028 Hune
1211 2987 1316 3031 rerum

361 3099 476 3152 statum
505 3082 749 3171 contemplanti,
781 3081 932 3147 Lentulus
945 3131 967 3162 ,Α
980 3082 1037 3170 qni
1055 3085 1236 3172 nuperrime
1253 3085 1316 3150 de·

362 3221 511 3286 cesserat,
538 3203 682 3271 Ciceroni
703 3203 809 3292 aliquo
824 3203 1128 3270 'deorumbenelieio
1143 3205 1312 3272 ridebatur

362 3357 398 3396 ex
418 3331 538 3419 patriae
561 3324 890 3414 incendioereptus2.
923 3323 1076 3392 *Caesaris
1110 3326 1228 3414 gloriam
1262 3327 1314 3391 in·

359 3454 465 3518 videns
477 3501 486 3531 ,
509 3449 677 3538 Pompejus
695 3470 743 3512 res
764 3448 830 3534 ejus
862 3445 1020 3534 praeclare
1052 3447 1085 3510 iu
1107 3442 1190 3516 bello
1213 3456 1312 3533 gestas

359 3580 439 3644 ferre
461 3599 562 3664 aequo
584 3572 689 3637 animo
706 3592 768 3636 non
790 3581 911 3660 poterat
930 3580 961 3635 ct
981 3567 1019 3631 de
1040 3563 1176 3631 Caesaris
1196 3563 1311 3642 laude,

360 3720 420 3787 qua
448 3706 570 3786 poterat
590 3693 736 3771 ratione,
761 3691 934 3758 detrectans
965 3713 996 3756 sc
1026 3689 1133 3755 ell'erre
1167 3687 1311 3754 studebat

394 3961 403 3993 ¹
443 3973 492 4036 up.
513 3971 556 4021 rc.
576 3969 589 4036 t
610 3971 658 4030 ιο,
681 3973 723 4019 rr.

393 4069 404 4101 ²
443 4073 492 4136 up.
510 4073 536 4120 c.
556 4072 570 4135 r
592 4071 616 4126 r.
