2970 5144
563 603 688 686 ‘a

187 804 371 894 utaequalis
392 804 513 870 debuit.
540 803 611 870 Non
634 804 723 871 aliter
748 818 853 872 autern
874 801 1028 894 scripsisse
1039 853 1049 911 f
1069 804 1141 868 nul·

100 1006 104 1014 ι
186 925 250 990 lum
271 937 316 990 est
338 922 399 990 hoc
423 925 612 1014 luculentius
632 925 870 1005 testimouium,
894 926 978 1015 quod
992 926 1141 990 inomni-

186 1047 268 1125 bus,
302 1069 382 1136 quae
417 1047 569 1125 tradidit,
603 1059 755 1136 quatenus
774 1049 839 1134 ejus
859 1046 1043 1112 narrationis
1066 1068 1138 1114 cum

182 1168 326 1233 Tulliana
357 1167 552 1257 aliorumque
582 1166 810 1255 comparandae
843 1166 934 1254 copia
954 1179 1021 1244 est,
1048 1187 1139 1230 men-

173 1289 263 1354 dacii
284 1291 372 1378 argui
393 1312 544 1378 nusquam
566 1290 672 1378 possit.
699 1291 766 1355 Etsi
793 1291 877 1355 enim
900 1290 1003 1378 primo
1026 1289 1139 1354 obtutu

178 1411 344 1500 aliquoties
365 1433 468 1476 errare
488 1411 611 1476 ridetur
642 1424 673 1474 et
696 1411 816 1475 minore
838 1409 1000 1500 diligentia
1034 1409 1135 1473 trade-

180 1553 236 1607 re,
268 1519 419 1597 ¹facillima
458 1545 563 1595 tamen
589 1531 708 1595 ratione
741 1531 860 1620 ubique
893 1530 1038 1596 Ciceroni
1061 1552 1136 1594 con-

179 1650 329 1728 ciliatur;
352 1652 436 1738 quod
458 1670 512 1714 nos
531 1675 584 1716 suo
609 1652 677 1716 loco
700 1651 956 1740 significabimus.

223 1771 269 1836 Er
290 1771 376 1836 hisce
399 1784 551 1860 apparet,
576 1773 650 1860 quid
671 1779 763 1836 vr'tae
784 1773 961 1864 Pomponii
973 1821 981 1848 ,
1006 1773 1131 1860 qualern
1219 1761 1221 1768 ’

176 1911 244 1954 earn
258 1914 274 1953 a
285 1888 407 1979 Nepote
419 1891 536 1978 scripto
547 1892 724 1957 mandatam
735 1891 898 1971 habemus,
912 1894 1007 1984 tribui
1019 1895 1132 1959 merito

178 2012 301 2078 debeat.
328 2013 463 2078 Dicendi
485 2026 589 2078 autem
614 2036 731 2102 genus,
759 2027 793 2078 ut
812 2014 872 2078 hoo
906 1987 999 2080 etiam
1025 2031 1133 2082 atten-

173 2134 305 2232 damus,
327 2135 388 2199 tale
408 2152 476 2213 est,
500 2147 534 2199 ut
550 2133 635 2199 haud
654 2135 747 2222 pauci
770 2135 907 2223 elogium
937 2136 1042 2223 potius
1065 2138 1130 2224 ejus

174 2256 374 2343 scriptionem
394 2255 554 2334 habeant,
580 2278 674 2345 quarn
698 2255 737 2319 ad
758 2256 921 2320 veritatem
936 2260 1130 2324 accuratissi-

175 2401 224 2444 rnc
236 2391 373 2444 exactam
383 2379 621 2466 expositionem.
647 2379 708 2454 Et,
722 2379 821 2443 fateor
836 2427 845 2456 ,
866 2378 1049 2443 fortioribus
1059 2379 1127 2467 ple-

175 2517 307 2586 rumque
319 2499 474 2564 coloribus
485 2500 653 2588 imaginem
668 2499 765 2565 Attici
778 2512 887 2564 auctor
899 2500 1018 2566 effinxit
1032 2525 1040 2580 ;
1056 2501 1127 2580 sed,

173 2616 227 2682 ubi
238 2618 298 2683 alia
310 2619 427 2684 indicia
439 2642 537 2710 eaque
548 2619 724 2685 firmissima
736 2621 850 2685 desunt
864 2669 874 2699 ,
885 2633 1051 2710 propterea
1064 2621 1128 2686 Ne·

169 2737 249 2824 potis
279 2738 373 2803 fidem
408 2741 650 2829 equidernnon
685 2741 851 2830 suspicor3
888 2754 923 2806 ut
956 2741 1125 2830 aliquando

169 2857 286 2922 facturn
315 2861 417 2926 rideo.
465 2862 539 2925 ruit
561 2862 665 2939 enim,
681 2861 737 2951 qui
749 2911 764 2940 ‚.
780 2884 877 2951 quum
901 2864 1125 2951 panegyricam

169 2977 340 3046 orationem
368 2983 527 3070 aNepote
553 2985 701 3072 scriptam
735 2984 944 3062 existimaret,
981 3007 1042 3073 qua
1064 2984 1124 3049 sibi

168 3099 230 3187 ipse
253 3101 450 3180 consuleret,
473 3104 632 3192 scriptoris
651 3104 747 3168 fidem
765 3118 938 3192 suspectam
949 3105 1123 3192 plauered·

166 3221 236 3286 dere
270 3237 445 3291 conaretur.
494 3226 541 3289 lle
571 3226 630 3290 riri
652 3225 736 3289 illius
766 3227 922 3291 sententia
943 3213 1046 3315 Nepos
1066 3226 1122 3290 ha—

166 3347 284 3412 bendus
309 3345 404 3410 horno
434 3359 479 3411 cst
511 3368 566 3409 suo
598 3359 740 3433 tempore
774 3367 925 3434 perquam
955 3347 1120 3423 obscurus,
1175 3410 1179 3419 ,

165 3465 261 3533 laudis
289 3465 382 3531 simul
401 3466 644 3554 cupidissimus,
664 3466 716 3530 sed
737 3489 806 3530 earn
827 3467 927 3554 ipsam
946 3488 1010 3552 quo
1027 3481 1120 3555 pacto

164 3600 372 3679 assequeretur
403 3609 527 3678 prorsus
560 3587 714 3676 ignoraus.
757 3587 850 3650 Forte
871 3601 975 3652 tamen
998 3598 1029 3650 et
1047 3608 1119 3652 casu

167 3707 314 3775 inciderat
356 3710 388 3773 in
427 3711 526 3775 Attici
557 3709 826 3787 l'amitiaritarem,
863 3710 943 3774 inter
976 3709 1119 3797 aequales

167 3834 294 3898 nominis
314 3833 454 3898 claritate
474 3833 647 3920 conspicui.
672 3831 783 3920 Itaque
799 3833 903 3920 Nepos
927 3831 1007 3896 hanc
1028 3831 1118 3896 avido

61 3941 65 3950 ’
167 3952 291 4040 arripuit
333 3956 525 4018 occasionem
549 3975 612 4019 sese
642 3951 844 4030 celebrandi,
881 3952 1017 4016 conterit
1047 3953 1116 4016 satis

170 4073 350 4164 negligenter
371 4076 464 4141 amici
484 4079 577 4142 ritem
591 4076 701 4165 suique
713 4077 905 4141 mentionem
917 4077 1019 4140 lacere
1031 4073 1113 4138 haud
