2970 5144
320 579 377 625 ΧΠ

315 740 427 793 afflictos
457 741 536 808 erigit
563 751 589 792 et
616 747 755 792 sustentat.
801 738 996 792 Triumvirutus
1026 738 1189 809 Octaviani,
1221 744 1280 796 An-

316 840 385 892 tonii
416 850 443 891 et
468 838 572 908 Lepidi.
614 837 808 907 Proscriptioni
836 837 940 891 Atticus
967 838 1103 894 eximitur.
1139 840 1192 894 Suo
1207 843 1275 912 apud

317 928 460 991 Antonium
478 937 571 991 favore
589 936 622 990 ad
641 935 708 990 alios
725 936 867 990 servandos
884 937 983 990 utitur.
1000 937 1153 990 Ciceronem
1173 957 1278 992 serrare

316 1053 368 1088 non
385 1036 482 1104 potuit.
501 1034 639 1090 Falsitatis
659 1047 838 1103 coarguuntur
856 1035 1033 1088 recentiorum
1044 1035 1170 1089 crimina.
1189 1037 1279 1106 Pugna

243 1125 245 1136 ¹
317 1133 350 1186 ad
366 1131 504 1202 Philippos
523 1135 551 1186 in
569 1133 736 1187 Macedonia.
770 1133 899 1202 Prosugos
924 1134 1027 1186 Atticus
1055 1144 1157 1187 tuetur.
1193 1142 1279 1190 Anto·
1320 1201 1322 1206 Ι

316 1234 355 1285 nii
375 1247 401 1286 et
418 1232 558 1286 Octaviani
587 1233 707 1287 amicitia
729 1245 854 1303 perpetuo
879 1242 1000 1287 ornatur.
1035 1231 1129 1285 Morbo
1150 1233 1280 1301 gravila-

316 1332 403 1385 borat.
438 1329 552 1394 Inedia,
571 1331 662 1384 invitis
682 1332 794 1393 amicis,
814 1343 926 1385 mortem
947 1328 1000 1384 sibi
1013 1331 1166 1385 consciscit.
1195 1333 1276 1386 Juxta

317 1433 387 1483 viam
409 1418 520 1500 Appiam
536 1427 676 1498 sepelitur.
721 1467 730 1485 .
769 1467 778 1484 .
814 1467 823 1484 .
862 1467 870 1484 .
910 1467 918 1482 .
956 1463 965 1482 .
1007 1461 1015 1483 s
1053 1467 1060 1483 .
1096 1448 1124 1498 p.
1144 1433 1278 1485 tto-los.

620 1675 753 1762 ‘onnon
777 1675 959 1750 Qnrnrnp.

591 1857 681 1897 mter
706 1859 840 1898 tnonnmtt
860 1859 891 1896 ΕΤ
913 1857 1010 1896 MORRS.

353 2002 496 2056 Prudentia
521 2001 605 2055 Attici
633 2001 766 2072 animique
793 2003 954 2057 moderatio.
991 2003 1081 2072 Magni
1110 2005 1176 2059 baec
1195 2005 1279 2060 virtus

316 2121 331 2153 a
349 2099 474 2154 Cicerone
499 2101 527 2154 in
551 2100 645 2169 primis
674 2099 813 2154 aestimata
832 2113 888 2163 est,
908 2102 936 2155 in
953 2101 1028 2170 cujus
1045 2102 1127 2157 vitam
1146 2114 1200 2158 tam
1218 2106 1277 2174 pri-

316 2212 401 2254 vatam
414 2219 491 2270 quam
507 2198 611 2252 civilem
625 2208 748 2270 quantam
762 2201 814 2253 vim
830 2200 976 2267 babuerit,
996 2200 1154 2271 explicatur.
1194 2203 1276 2258 Attici

315 2299 490 2369 temperantia
518 2299 545 2350 in
569 2296 686 2368 politicis
706 2298 784 2352 rebus
801 2301 968 2370 maximeque
985 2300 1014 2353 in
1032 2301 1175 2355 domestico
1194 2302 1278 2356 uictu.

316 2383 453 2453 Avaritiae
483 2397 627 2466 imputatur
653 2399 801 2452 recentiore
828 2410 924 2452 aetate.
963 2400 1146 2454 Accusationis
1174 2379 1276 2470 iniqui·

315 2509 354 2548 tas
378 2495 538 2549 ostenditur.
574 2496 658 2550 Attici
678 2495 825 2550 liberalitas
846 2531 854 2557 ‚
872 2498 954 2550 variis
973 2497 1106 2568 exemplis
1127 2497 1276 2556 illustrata.

316 2597 374 2649 Non
400 2613 431 2646 ex
456 2593 632 2648 ostentatione
658 2594 873 2674 proficiscebatur
906 2615 992 2666 neque
1017 2597 1150 2652 commodi
1177 2597 1277 2668 privati

315 2693 413 2747 studio.
448 2691 513 2761 Ejus
531 2692 660 2747 modestia
678 2705 705 2747 et
724 2693 898 2756 humanitas,
918 2694 946 2746 in
969 2695 1042 2747 omni
1061 2696 1117 2760 nita
1128 2695 1276 2766 conspicua.

315 2789 444 2860 Exempla
465 2791 611 2846 afferuntur
627 2811 664 2852 ‚e
687 2793 832 2846 domestica
860 2793 1053 2848 consuetudine
1071 2791 1169 2867 petila.
1202 2795 1278 2848 Pacis

316 2904 342 2948 et
371 2894 526 2948 concordiae
559 2913 643 2948 amor.
688 2895 747 2947 Non
774 2893 898 2948 simulata
926 2896 979 2949 suit
1007 2897 1091 2947 Attici
1117 2895 1280 2948 humanitas.

315 2993 494 3047 Attenduntur
518 2995 697 3047 recentiorum
714 3003 878 3056 commenta,
898 3013 1008 3065 quorum
1028 2994 1155 3062 jejunitas
1173 2994 1279 3047 indica-

316 3103 370 3145 tur.
405 3092 548 3161 Pomponii
576 3090 717 3160 diligentia
745 3102 772 3146 et
800 3093 864 3146 fides
889 3093 917 3148 in
943 3094 1116 3164 procurandis
1134 3092 1279 3146 commodis

314 3195 470 3246 amicorum.
506 3192 572 3245 Eam
600 3200 660 3245 ante
689 3210 778 3247 omnes
806 3200 933 3262 perpetuo
959 3193 1051 3247 Cicero
1076 3201 1116 3246 est
1142 3199 1276 3262 expertus.

316 3291 393 3345 Falsa
421 3309 557 3344 censorum
585 3291 636 3346 boc
656 3292 721 3344 item
743 3293 851 3345 nomine
868 3293 992 3346 crimina.
1031 3325 1041 3346 .
1076 3311 1106 3362 p.
1126 3293 1275 3346 ton-tua.

646 3501 765 3560 CAPUT
784 3501 944 3562 SEXTUM.

598 3686 726 3726 nosmet
747 3687 838 3727 unct
861 3688 997 3727 conssul.

350 3828 458 3883 Publice
486 3828 570 3883 nullas
599 3849 712 3901 unquam
737 3841 825 3902 partes
853 3827 1035 3903 propugnavit.
1071 3831 1123 3884 Eas
1142 3831 1275 3901 amplexus

314 3939 375 3994 est,
395 3947 460 3997 quae
479 3929 610 3999 publicam
629 3929 741 3986 salutem
754 3935 871 3986 maxime
889 3939 1039 3985 tuerentur.
1077 3929 1156 3982 Suam
1173 3932 1202 3982 in
1219 3934 1275 3984 rei·

314 4028 434 4098 publicae
450 4030 667 4084 conversionibus
687 4031 842 4098 dignitatem
862 4051 964 4102 semper
980 4027 1274 4087 servaritincolume'nt·
1318 4083 1319 4088 ,
