3042 5146
717 596 779 658 103

264 769 536 848 Samothraciam,
562 793 625 860 quo
646 773 799 862 supplices
827 777 1053 864 confugerant,
1087 801 1223 869 supper-³

146 915 150 919 ·
262 893 321 958 tari
336 893 470 980 jussit¹.
518 891 610 957 Bruti
631 905 736 959 autem
748 908 904 975 matrem,
930 897 1040 963 veteris
1062 899 1217 964 amicitiae

260 1036 399 1093 memor,
424 1015 507 1080 tueri
528 1015 688 1104 perrexit,
725 1037 783 1081 nec
814 1018 935 1082 minora
960 1042 1054 1107 quarn
1088 1021 1227 1086 florente·

259 1137 358 1201 Bruto
379 1135 533 1200 beneficia
553 1135 585 1200 in
609 1159 677 1202 eam
700 1136 833 1202 contulit
849 1142 875 1202 ².

304 1257 391 1322 Vixit
411 1278 505 1345 porro
524 1233 652 1324 ¹Atticus
680 1270 745 1324 tam
767 1258 898 1324 Antonii
928 1281 1022 1348 quam
1055 1257 1216 1324 Octaviani

257 1379 355 1466 gratie
387 1391 482 1468 atque
512 1377 659 1474 amiciti&
688 1376 831 1468 pollem3
879 1399 1012 1466 quorum
1041 1377 1095 1442 ille
1133 1379 1217 1461 hello

258 1498 447 1564 triumvirali
469 1498 501 1564 in
533 1501 678 1590 Aegypto
707 1502 837 1583 absens,
871 1502 948 1591 quid
981 1515 1104 1591 ageret,
1139 1504 1216 1592 quid

257 1641 349 1685 curae
372 1618 433 1683 sibi
453 1619 585 1685 haberet
597 1671 607 1702 ,
632 1636 775 1689 accurate
797 1624 946 1689 Atticum*
966 1626 1069 1690 iacere
1101 1627 1214 1690 certio-

256 1761 322 1809 rem
341 1738 448 1806 solitus
474 1752 539 1820 cst;
570 1739 645 1821 hic,
671 1743 779 1808 cidem
800 1745 992 1809 observantial
1013 1766 1082 1809 usus
1094 1795 1104 1826 ,
1135 1768 1214 1834 quo·

256 1865 312 1928 ties
334 1864 466 1942 aberat,
491 1885 654 1953 nunquam
675 1863 714 1930 ad
738 1887 864 1940 sucrum
888 1887 1078 1954 quemquam
1109 1863 1214 1929 literas

256 1984 361 2063 misit,
386 1983 464 2073 quin
485 1985 593 2052 Attico
614 1985 755 2060 mitteret
777 1985 968 2074 omniaque,
992 1997 1057 2049 tem
1090 1983 1130 2048 de
1160 1982 1212 2046 iti-

256 2131 329 2174 ncre
344 2132 399 2175 suc
419 2126 513 2201 atque
532 2111 646 2178 militia
659 2133 757 2201 quam
778 2109 817 2174 dc
838 2108 947 2181 studiis
958 2154 969 2187 ‚
988 2107 1210 2196 perscriberet.
1312 2113 1315 2121 ¹

253 2229 362 2318 Neque
381 2232 490 2298 absens
513 2244 658 2310 tentum,
684 2231 736 2298 scd
750 2231 783 2294 in
795 2229 860 2319 ipsa
872 2229 965 2294 ctiam
988 2228 1090 2307 urbe,
1111 2250 1209 2316 quum
1303 2251 1328 2313 Ι·

253 2373 326 2438 prae
345 2353 541 2441 negotiorum
566 2374 692 2418 suorum
704 2349 912 2438 amplitudine
923 2349 1097 2437 Pomponio
1108 2347 1212 2412 minus

184 2548 191 2555 ,
253 2473 299 2536 uti
318 2485 440 2561 posset,
465 2472 549 2539 haud
574 2472 667 2540 iacile
689 2471 851 2562 praeteriit
886 2470 973 2549 dies,
1007 2472 1085 2558 quin
1113 2469 1211 2536 literis

249 2596 399 2662 resarcire
420 2609 611 2676 conaretur,
636 2619 699 2686 quo
720 2594 784 2660 frui
812 2614 954 2684 praesens
987 2611 1048 2654 non
1072 2602 1207 2678 poterat.
1232 2661 1241 2668 ,

145 2709 149 2722 ’
190 2780 198 2787 ,
250 2717 357 2807 Eque
378 2739 451 2784 cum
473 2719 644 2787 Octaviano
664 2715 887 2784 consuetudine
913 2708 1120 2800 repetendum
1141 2722 1209 2790 est,

250 2837 334 2924 quod
363 2837 417 2902 ille
446 2839 486 2903 ab
520 2838 626 2904 Attico
657 2837 689 2905 id
722 2834 921 2912 admonitus,
955 2829 1043 2898 Joris
1073 2829 1208 2896 Feretrii

188 3044 190 3049 Α
251 2957 285 3020 in
309 2927 466 3045 Capitolio
486 2983 505 3022 a
525 2959 661 3026 Romulo
683 2967 869 3024 exstructam
890 2952 1022 3030 eedem,
1058 2961 1209 3016 vetustate

248 3092 345 3167 atquc
368 3079 490 3146 incuria
511 3079 693 3162 detectam,
713 3075 915 3143 reficiendam
939 3081 1061 3139 curaret
1077 3075 1106 3138 ³.
1154 3069 1207 3136 Sic

247 3210 353 3264 autem
376 3193 558 3265 Octaviano.
574 3199 696 3265 Atticus
721 3195 863 3285 placuit,
900 3205 934 3256 ut
966 3189 1080 3255 arctius
1110 3189 1216 3254 ctiamv

248 3343 323 3386 eum
344 3332 509 3386 conaretur
528 3319 596 3386 sibi
615 3318 798 3394 devincirc3
838 3322 1030 3402 quapropter
1064 3329 1144 3398 quae
1171 3329 1206 3372 er

249 3441 390 3529 Agrippa
418 3440 525 3508 Attico
547 3454 620 3507 nata
642 3440 703 3505 fuit
725 3437 851 3529 neptis,
876 3456 945 3500 eam
958 3434 1006 3506 riu
1027 3431 1205 3496 anniculam

247 3559 433 3630 Octavianus
455 3563 599 3653 privigno
629 3585 704 3642 auo,
730 3559 866 3628 Drusilla
896 3571 993 3638 nato,
1014 3556 1085 3626 Tib.
1113 3556 1208 3625 Clau·

249 3683 301 3747 dio
323 3684 439 3749 Neroni
461 3685 639 3777 despondit.
669 3709 689 3748 «
705 3688 790 3768 Quae
811 3681 1040 3769 conjunctio»,
1068 3689 1102 3742 ut
1119 3675 1215 3743 addit.
1311 3775 1319 3779 .

283 3865 290 3897 ¹
331 3873 417 3938 Nepos
435 3891 463 3922 c.
479 3867 664 3939 xt.§t,‘t.

281 3968 472 4036 21.1.§4.

283 4063 602 4136 3ο.ΧΧ.ὗ1.---3.
