<?xml version="1.0" encoding="UTF-8"?>
<!DOCTYPE html PUBLIC "-//W3C//DTD XHTML 1.0 Transitional//EN"
    "http://www.w3.org/TR/xhtml1/DTD/xhtml1-transitional.dtd">
<html xmlns="http://www.w3.org/1999/xhtml" xml:lang="en" lang="en">
 <head>
  <title>
</title>
<meta http-equiv="Content-Type" content="text/html;charset=utf-8" />
  <meta name='ocr-system' content='tesseract 3.04.00' />
  <meta name='ocr-capabilities' content='ocr_page ocr_carea ocr_par ocr_line ocrx_word'/>
</head>
<body>
  <div class='ocr_page' id='page_1' title='image "./diatribeintpomp00hullgoog_0137.png"; bbox 0 0 3042 5146; ppageno 0'>
   <div class='ocr_carea' id='block_1_1' title="bbox 771 589 834 652">
    <p class='ocr_par' dir='ltr' id='par_1_1' title="bbox 771 589 834 652">
     <span class='ocr_line' id='line_1_1' title="bbox 771 589 834 652; baseline 0.032 -2"><span class='ocrx_word' id='word_1_1' title='bbox 771 589 834 652; x_wconf 83' lang='lat' dir='ltr'>tra</span> 
     </span>
    </p>
   </div>
   <div class='ocr_carea' id='block_1_2' title="bbox 343 767 1296 858">
    <p class='ocr_par' dir='ltr' id='par_1_2' title="bbox 343 767 1296 858">
     <span class='ocr_line' id='line_1_2' title="bbox 343 767 1296 858; baseline 0.002 -24"><span class='ocrx_word' id='word_1_2' title='bbox 343 777 375 839; x_wconf 82' lang='lat' dir='ltr'>in</span> <span class='ocrx_word' id='word_1_3' title='bbox 385 768 524 836; x_wconf 87' lang='lat' dir='ltr'>sestertio</span> <span class='ocrx_word' id='word_1_4' title='bbox 544 768 659 832; x_wconf 87' lang='lat' dir='ltr'>centies</span> <span class='ocrx_word' id='word_1_5' title='bbox 670 767 846 834; x_wconf 87' lang='lat' dir='ltr'>affluentius</span> <span class='ocrx_word' id='word_1_6' title='bbox 857 768 932 832; x_wconf 79' lang='lat' dir='ltr'>risit</span> <span class='ocrx_word' id='word_1_7' title='bbox 952 789 1046 858; x_wconf 84' lang='lat' dir='ltr'>quarn</span> <span class='ocrx_word' id='word_1_8' title='bbox 1070 770 1247 837; x_wconf 73' lang='lat' dir='ltr'><strong>instituerat</strong></span> <span class='ocrx_word' id='word_1_9' title='bbox 1262 773 1273 813; x_wconf 80' lang='lat'>¹</span> <span class='ocrx_word' id='word_1_10' title='bbox 1284 821 1296 843; x_wconf 88' lang='lat'>.</span> 
     </span>
    </p>
   </div>
   <div class='ocr_carea' id='block_1_3' title="bbox 336 891 1373 3161">
    <p class='ocr_par' dir='ltr' id='par_1_3' title="bbox 336 891 1373 3161">
     <span class='ocr_line' id='line_1_3' title="bbox 345 891 1297 986; baseline 0.003 -26"><span class='ocrx_word' id='word_1_11' title='bbox 345 895 443 962; x_wconf 88' lang='lat' dir='ltr'>Testis</span> <span class='ocrx_word' id='word_1_12' title='bbox 463 897 557 962; x_wconf 85' lang='lat' dir='ltr'>etiam</span> <span class='ocrx_word' id='word_1_13' title='bbox 566 896 605 961; x_wconf 92' lang='lat' dir='ltr'>sit</span> <span class='ocrx_word' id='word_1_14' title='bbox 625 896 755 975; x_wconf 91' lang='lat' dir='ltr'>dornns,</span> <span class='ocrx_word' id='word_1_15' title='bbox 778 915 873 986; x_wconf 89' lang='lat' dir='ltr'>quarn</span> <span class='ocrx_word' id='word_1_16' title='bbox 892 892 921 958; x_wconf 87' lang='lat' dir='ltr'>ei</span> <span class='ocrx_word' id='word_1_17' title='bbox 935 891 1088 960; x_wconf 80' lang='lat' dir='ltr'>Caecilius</span> <span class='ocrx_word' id='word_1_18' title='bbox 1109 906 1297 962; x_wconf 86' lang='lat' dir='ltr'>testamento</span> 
     </span>
     <span class='ocr_line' id='line_1_4' title="bbox 343 1013 1297 1107; baseline 0.003 -28"><span class='ocrx_word' id='word_1_19' title='bbox 343 1017 494 1107; x_wconf 88' lang='lat' dir='ltr'>reliquit,</span> <span class='ocrx_word' id='word_1_20' title='bbox 519 1018 551 1081; x_wconf 94' lang='lat' dir='ltr'>in</span> <span class='ocrx_word' id='word_1_21' title='bbox 570 1037 631 1106; x_wconf 90' lang='lat' dir='ltr'>qua</span> <span class='ocrx_word' id='word_1_22' title='bbox 642 1017 799 1104; x_wconf 82' lang='lat' dir='ltr'>‚quamvis</span> <span class='ocrx_word' id='word_1_23' title='bbox 811 1013 905 1102; x_wconf 90' lang='lat' dir='ltr'>paulo</span> <span class='ocrx_word' id='word_1_24' title='bbox 917 1015 1094 1104; x_wconf 87' lang='lat' dir='ltr'>antiquiore</span> <span class='ocrx_word' id='word_1_25' title='bbox 1112 1021 1270 1083; x_wconf 84' lang='lat' dir='ltr'>structuri</span> <span class='ocrx_word' id='word_1_26' title='bbox 1285 1067 1297 1098; x_wconf 86' lang='lat'><em>,</em></span> 
     </span>
     <span class='ocr_line' id='line_1_5' title="bbox 343 1135 1295 1224; baseline 0.005 -22"><span class='ocrx_word' id='word_1_27' title='bbox 343 1136 425 1202; x_wconf 85' lang='lat' dir='ltr'>nihil</span> <span class='ocrx_word' id='word_1_28' title='bbox 437 1139 502 1202; x_wconf 86' lang='lat' dir='ltr'>lere</span> <span class='ocrx_word' id='word_1_29' title='bbox 511 1137 715 1204; x_wconf 87' lang='lat' dir='ltr'>commutavit</span> <span class='ocrx_word' id='word_1_30' title='bbox 723 1183 732 1213; x_wconf 92' lang='lat'>,</span> <span class='ocrx_word' id='word_1_31' title='bbox 744 1135 803 1200; x_wconf 91' lang='lat' dir='ltr'>nisi</span> <span class='ocrx_word' id='word_1_32' title='bbox 814 1135 838 1198; x_wconf 89' lang='lat' dir='ltr'>si</span> <span class='ocrx_word' id='word_1_33' title='bbox 851 1135 927 1224; x_wconf 91' lang='lat' dir='ltr'>quid</span> <span class='ocrx_word' id='word_1_34' title='bbox 938 1149 1089 1202; x_wconf 78' lang='lat' dir='ltr'>vetustate</span> <span class='ocrx_word' id='word_1_35' title='bbox 1100 1151 1225 1204; x_wconf 88' lang='lat' dir='ltr'>coactus</span> <span class='ocrx_word' id='word_1_36' title='bbox 1235 1151 1295 1208; x_wconf 84' lang='lat' dir='ltr'>est.</span> 
     </span>
     <span class='ocr_line' id='line_1_6' title="bbox 344 1254 1295 1345; baseline 0.006 -25"><span class='ocrx_word' id='word_1_37' title='bbox 344 1257 433 1341; x_wconf 81' lang='lat' dir='ltr'>Quod</span> <span class='ocrx_word' id='word_1_38' title='bbox 454 1280 494 1321; x_wconf 92' lang='lat' dir='ltr'>ne</span> <span class='ocrx_word' id='word_1_39' title='bbox 516 1257 585 1344; x_wconf 88' lang='lat' dir='ltr'>quis</span> <span class='ocrx_word' id='word_1_40' title='bbox 609 1255 756 1320; x_wconf 87' lang='lat' dir='ltr'>avaritiae</span> <span class='ocrx_word' id='word_1_41' title='bbox 778 1256 896 1320; x_wconf 90' lang='lat' dir='ltr'>tribuat</span> <span class='ocrx_word' id='word_1_42' title='bbox 918 1278 971 1320; x_wconf 88' lang='lat' dir='ltr'>seu</span> <span class='ocrx_word' id='word_1_43' title='bbox 991 1254 1104 1320; x_wconf 89' lang='lat' dir='ltr'>nimiae</span> <span class='ocrx_word' id='word_1_44' title='bbox 1133 1257 1295 1345; x_wconf 83' lang='lat' dir='ltr'>parcitati.</span> 
     </span>
     <span class='ocr_line' id='line_1_7' title="bbox 341 1374 1295 1466; baseline 0.002 -24"><span class='ocrx_word' id='word_1_45' title='bbox 341 1377 422 1443; x_wconf 82' lang='lat' dir='ltr'>Nam</span> <span class='ocrx_word' id='word_1_46' title='bbox 444 1389 476 1441; x_wconf 89' lang='lat' dir='ltr'>et</span> <span class='ocrx_word' id='word_1_47' title='bbox 505 1375 585 1441; x_wconf 86' lang='lat' dir='ltr'>bene</span> <span class='ocrx_word' id='word_1_48' title='bbox 609 1374 730 1441; x_wconf 81' lang='lat' dir='ltr'>Atticus</span> <span class='ocrx_word' id='word_1_49' title='bbox 750 1374 912 1440; x_wconf 74' lang='lat' dir='ltr'>habitabat</span> <span class='ocrx_word' id='word_1_50' title='bbox 931 1389 962 1440; x_wconf 88' lang='lat' dir='ltr'>et</span> <span class='ocrx_word' id='word_1_51' title='bbox 990 1376 1133 1442; x_wconf 88' lang='lat' dir='ltr'>omnibus</span> <span class='ocrx_word' id='word_1_52' title='bbox 1167 1379 1295 1466; x_wconf 89' lang='lat' dir='ltr'>optimis</span> 
     </span>
     <span class='ocr_line' id='line_1_8' title="bbox 342 1493 1297 1584; baseline 0 -21"><span class='ocrx_word' id='word_1_53' title='bbox 342 1493 451 1563; x_wconf 64' lang='lat' dir='ltr'>rebus&#39;</span> <span class='ocrx_word' id='word_1_54' title='bbox 470 1497 641 1575; x_wconf 83' lang='lat' dir='ltr'>utebatur3</span> <span class='ocrx_word' id='word_1_55' title='bbox 676 1495 729 1560; x_wconf 89' lang='lat' dir='ltr'>sed</span> <span class='ocrx_word' id='word_1_56' title='bbox 761 1495 981 1561; x_wconf 87' lang='lat' dir='ltr'>contemnebat</span> <span class='ocrx_word' id='word_1_57' title='bbox 1013 1496 1192 1584; x_wconf 86' lang='lat' dir='ltr'>magnificas</span> <span class='ocrx_word' id='word_1_58' title='bbox 1223 1499 1297 1563; x_wconf 85' lang='lat' dir='ltr'>istas</span> 
     </span>
     <span class='ocr_line' id='line_1_9' title="bbox 341 1614 1294 1706; baseline -0.002 -24"><span class='ocrx_word' id='word_1_59' title='bbox 341 1618 428 1684; x_wconf 84' lang='lat' dir='ltr'>villas</span> <span class='ocrx_word' id='word_1_60' title='bbox 459 1630 490 1683; x_wconf 89' lang='lat' dir='ltr'>et</span> <span class='ocrx_word' id='word_1_61' title='bbox 523 1619 701 1706; x_wconf 82' lang='lat' dir='ltr'>pavimenta</span> <span class='ocrx_word' id='word_1_62' title='bbox 738 1637 912 1682; x_wconf 86' lang='lat' dir='ltr'>marmorea</span> <span class='ocrx_word' id='word_1_63' title='bbox 948 1627 979 1680; x_wconf 94' lang='lat' dir='ltr'>et</span> <span class='ocrx_word' id='word_1_64' title='bbox 1011 1614 1154 1704; x_wconf 85' lang='lat' dir='ltr'>laqueata</span> <span class='ocrx_word' id='word_1_65' title='bbox 1186 1628 1294 1697; x_wconf 86' lang='lat' dir='ltr'>teota;</span> 
     </span>
     <span class='ocr_line' id='line_1_10' title="bbox 339 1735 1373 1826; baseline 0.001 -25"><span class='ocrx_word' id='word_1_66' title='bbox 339 1737 492 1802; x_wconf 89' lang='lat' dir='ltr'>irridebat</span> <span class='ocrx_word' id='word_1_67' title='bbox 507 1759 635 1802; x_wconf 90' lang='lat' dir='ltr'>suorum</span> <span class='ocrx_word' id='word_1_68' title='bbox 657 1736 834 1826; x_wconf 85' lang='lat' dir='ltr'>aequalium</span> <span class='ocrx_word' id='word_1_69' title='bbox 868 1737 900 1800; x_wconf 90' lang='lat' dir='ltr'>in</span> <span class='ocrx_word' id='word_1_70' title='bbox 930 1735 1125 1801; x_wconf 82' lang='lat' dir='ltr'>aedificando</span> <span class='ocrx_word' id='word_1_71' title='bbox 1157 1737 1296 1802; x_wconf 78' lang='lat' dir='ltr'>fucatam</span> <span class='ocrx_word' id='word_1_72' title='bbox 1370 1761 1373 1770; x_wconf 84' lang='grc'><strong>’</strong></span> 
     </span>
     <span class='ocr_line' id='line_1_11' title="bbox 341 1855 1294 1946; baseline 0 -24"><span class='ocrx_word' id='word_1_73' title='bbox 341 1858 525 1946; x_wconf 79' lang='lat' dir='ltr'>elegantiam</span> <span class='ocrx_word' id='word_1_74' title='bbox 545 1871 638 1946; x_wconf 86' lang='lat' dir='ltr'>atque</span> <span class='ocrx_word' id='word_1_75' title='bbox 659 1856 822 1922; x_wconf 86' lang='lat' dir='ltr'>insaniam.</span> <span class='ocrx_word' id='word_1_76' title='bbox 849 1855 917 1940; x_wconf 80' lang='lat' dir='ltr'>Quo</span> <span class='ocrx_word' id='word_1_77' title='bbox 937 1855 1079 1935; x_wconf 86' lang='lat' dir='ltr'>lactum,</span> <span class='ocrx_word' id='word_1_78' title='bbox 1099 1869 1133 1922; x_wconf 85' lang='lat' dir='ltr'>ut</span> <span class='ocrx_word' id='word_1_79' title='bbox 1152 1857 1294 1945; x_wconf 89' lang='lat' dir='ltr'>Pompo·</span> 
     </span>
     <span class='ocr_line' id='line_1_12' title="bbox 341 1977 1294 2055; baseline -0.002 -11"><span class='ocrx_word' id='word_1_80' title='bbox 341 1982 394 2045; x_wconf 90' lang='lat' dir='ltr'>nio</span> <span class='ocrx_word' id='word_1_81' title='bbox 414 2003 507 2044; x_wconf 91' lang='lat' dir='ltr'>nemo</span> <span class='ocrx_word' id='word_1_82' title='bbox 530 1978 622 2044; x_wconf 85' lang='lat' dir='ltr'>facile</span> <span class='ocrx_word' id='word_1_83' title='bbox 637 1979 739 2043; x_wconf 89' lang='lat' dir='ltr'>minus</span> <span class='ocrx_word' id='word_1_84' title='bbox 768 1991 845 2043; x_wconf 86' lang='lat' dir='ltr'>esset</span> <span class='ocrx_word' id='word_1_85' title='bbox 872 1999 980 2055; x_wconf 80' lang='lat' dir='ltr'>emax,</span> <span class='ocrx_word' id='word_1_86' title='bbox 1012 1977 1115 2042; x_wconf 85' lang='lat' dir='ltr'>minus</span> <span class='ocrx_word' id='word_1_87' title='bbox 1144 1977 1294 2042; x_wconf 85' lang='lat' dir='ltr'>aedifica-</span> 
     </span>
     <span class='ocr_line' id='line_1_13' title="bbox 341 2097 1351 2188; baseline 0 -22"><span class='ocrx_word' id='word_1_88' title='bbox 341 2105 436 2169; x_wconf 80' lang='lat' dir='ltr'>tor².</span> <span class='ocrx_word' id='word_1_89' title='bbox 484 2100 511 2164; x_wconf 76' lang='lat' dir='ltr'>l</span> <span class='ocrx_word' id='word_1_90' title='bbox 545 2099 607 2163; x_wconf 87' lang='lat' dir='ltr'>suis</span> <span class='ocrx_word' id='word_1_91' title='bbox 632 2098 752 2163; x_wconf 80' lang='lat' dir='ltr'>civibus</span> <span class='ocrx_word' id='word_1_92' title='bbox 781 2098 829 2163; x_wconf 81' lang='lat' dir='ltr'>vel</span> <span class='ocrx_word' id='word_1_93' title='bbox 846 2097 957 2164; x_wconf 89' lang='lat' dir='ltr'>inhoc</span> <span class='ocrx_word' id='word_1_94' title='bbox 975 2099 1110 2164; x_wconf 82' lang='lat' dir='ltr'>maxime</span> <span class='ocrx_word' id='word_1_95' title='bbox 1132 2099 1294 2182; x_wconf 81' lang='lat' dir='ltr'>diversus,</span> <span class='ocrx_word' id='word_1_96' title='bbox 1348 2183 1351 2188; x_wconf 24' lang='grc' dir='ltr'>Ι</span> 
     </span>
     <span class='ocr_line' id='line_1_14' title="bbox 341 2215 1295 2293; baseline 0.001 -10"><span class='ocrx_word' id='word_1_97' title='bbox 341 2221 442 2285; x_wconf 87' lang='lat' dir='ltr'>nullos</span> <span class='ocrx_word' id='word_1_98' title='bbox 461 2215 573 2283; x_wconf 87' lang='lat' dir='ltr'>habuit</span> <span class='ocrx_word' id='word_1_99' title='bbox 594 2216 720 2293; x_wconf 88' lang='lat' dir='ltr'>hortos,</span> <span class='ocrx_word' id='word_1_100' title='bbox 745 2216 864 2282; x_wconf 89' lang='lat' dir='ltr'>nullam</span> <span class='ocrx_word' id='word_1_101' title='bbox 886 2217 1098 2284; x_wconf 88' lang='lat' dir='ltr'>suburbanam</span> <span class='ocrx_word' id='word_1_102' title='bbox 1119 2232 1172 2284; x_wconf 91' lang='lat' dir='ltr'>aut</span> <span class='ocrx_word' id='word_1_103' title='bbox 1196 2220 1295 2284; x_wconf 83' lang='lat' dir='ltr'>mari-</span> 
     </span>
     <span class='ocr_line' id='line_1_15' title="bbox 339 2339 1294 2428; baseline 0.003 -24"><span class='ocrx_word' id='word_1_104' title='bbox 339 2342 448 2405; x_wconf 85' lang='lat' dir='ltr'>timam</span> <span class='ocrx_word' id='word_1_105' title='bbox 482 2353 693 2428; x_wconf 89' lang='lat' dir='ltr'>sumptuosam</span> <span class='ocrx_word' id='word_1_106' title='bbox 722 2339 851 2418; x_wconf 83' lang='lat' dir='ltr'>villam,</span> <span class='ocrx_word' id='word_1_107' title='bbox 885 2339 948 2405; x_wconf 89' lang='lat' dir='ltr'>duo</span> <span class='ocrx_word' id='word_1_108' title='bbox 985 2352 1107 2406; x_wconf 81' lang='lat' dir='ltr'>rantum</span> <span class='ocrx_word' id='word_1_109' title='bbox 1139 2341 1171 2404; x_wconf 94' lang='lat' dir='ltr'>in</span> <span class='ocrx_word' id='word_1_110' title='bbox 1200 2342 1294 2408; x_wconf 88' lang='lat' dir='ltr'>ltalia</span> 
     </span>
     <span class='ocr_line' id='line_1_16' title="bbox 339 2455 1292 2555; baseline 0.008 -29"><span class='ocrx_word' id='word_1_111' title='bbox 339 2463 455 2530; x_wconf 89' lang='lat' dir='ltr'>rustica</span> <span class='ocrx_word' id='word_1_112' title='bbox 485 2463 624 2552; x_wconf 88' lang='lat' dir='ltr'>praedia.</span> <span class='ocrx_word' id='word_1_113' title='bbox 682 2455 763 2547; x_wconf 73' lang='lat' dir='ltr'>Quas</span> <span class='ocrx_word' id='word_1_114' title='bbox 795 2477 901 2528; x_wconf 88' lang='lat' dir='ltr'>autem</span> <span class='ocrx_word' id='word_1_115' title='bbox 923 2463 1033 2531; x_wconf 90' lang='lat' dir='ltr'>habuit</span> <span class='ocrx_word' id='word_1_116' title='bbox 1057 2466 1231 2555; x_wconf 79' lang='lat' dir='ltr'>Epiroticas</span> <span class='ocrx_word' id='word_1_117' title='bbox 1259 2481 1292 2534; x_wconf 87' lang='lat' dir='ltr'>et</span> 
     </span>
     <span class='ocr_line' id='line_1_17' title="bbox 339 2584 1296 2675; baseline 0.004 -25"><span class='ocrx_word' id='word_1_118' title='bbox 339 2587 474 2652; x_wconf 84' lang='lat' dir='ltr'>urbanas</span> <span class='ocrx_word' id='word_1_119' title='bbox 485 2585 706 2675; x_wconf 81' lang='lat' dir='ltr'>possessiones,</span> <span class='ocrx_word' id='word_1_120' title='bbox 733 2584 804 2649; x_wconf 90' lang='lat' dir='ltr'>inde</span> <span class='ocrx_word' id='word_1_121' title='bbox 826 2587 926 2651; x_wconf 90' lang='lat' dir='ltr'>omnis</span> <span class='ocrx_word' id='word_1_122' title='bbox 946 2587 976 2652; x_wconf 93' lang='lat' dir='ltr'>ei</span> <span class='ocrx_word' id='word_1_123' title='bbox 996 2587 1150 2675; x_wconf 85' lang='lat' dir='ltr'>pecuniae</span> <span class='ocrx_word' id='word_1_124' title='bbox 1173 2587 1296 2654; x_wconf 81' lang='lat' dir='ltr'>reditus</span> 
     </span>
     <span class='ocr_line' id='line_1_18' title="bbox 340 2708 1293 2799; baseline 0.001 -23"><span class='ocrx_word' id='word_1_125' title='bbox 340 2711 511 2776; x_wconf 87' lang='lat' dir='ltr'>constabat.</span> <span class='ocrx_word' id='word_1_126' title='bbox 556 2711 634 2774; x_wconf 73' lang='lat' dir='ltr'>«ux</span> <span class='ocrx_word' id='word_1_127' title='bbox 657 2733 719 2796; x_wconf 91' lang='lat' dir='ltr'>quo</span> <span class='ocrx_word' id='word_1_128' title='bbox 754 2708 898 2797; x_wconf 82' lang='lat' dir='ltr'>cognosci</span> <span class='ocrx_word' id='word_1_129' title='bbox 930 2723 1060 2799; x_wconf 85' lang='lat' dir='ltr'>potest,</span> <span class='ocrx_word' id='word_1_130' title='bbox 1095 2732 1185 2776; x_wconf 89' lang='lat' dir='ltr'>usum</span> <span class='ocrx_word' id='word_1_131' title='bbox 1217 2733 1293 2778; x_wconf 87' lang='lat' dir='ltr'>eum</span> 
     </span>
     <span class='ocr_line' id='line_1_19' title="bbox 338 2829 1293 2918; baseline 0.002 -24"><span class='ocrx_word' id='word_1_132' title='bbox 338 2833 490 2918; x_wconf 87' lang='lat' dir='ltr'>pecuniae</span> <span class='ocrx_word' id='word_1_133' title='bbox 506 2852 568 2894; x_wconf 90' lang='lat' dir='ltr'>non</span> <span class='ocrx_word' id='word_1_134' title='bbox 586 2829 824 2916; x_wconf 78' lang='lat' dir='ltr'>magnitudine,</span> <span class='ocrx_word' id='word_1_135' title='bbox 848 2831 901 2896; x_wconf 88' lang='lat' dir='ltr'>sed</span> <span class='ocrx_word' id='word_1_136' title='bbox 929 2832 1061 2896; x_wconf 84' lang='lat' dir='ltr'>ratione</span> <span class='ocrx_word' id='word_1_137' title='bbox 1083 2833 1189 2898; x_wconf 87' lang='lat' dir='ltr'>metiri</span> <span class='ocrx_word' id='word_1_138' title='bbox 1217 2831 1293 2896; x_wconf 85' lang='lat' dir='ltr'>soti-</span> 
     </span>
     <span class='ocr_line' id='line_1_20' title="bbox 338 2947 1292 3039; baseline 0.002 -25"><span class='ocrx_word' id='word_1_139' title='bbox 338 2955 494 3016; x_wconf 80' lang='lat' dir='ltr'>tum&gt;›³.&#39;</span> <span class='ocrx_word' id='word_1_140' title='bbox 534 2947 655 3012; x_wconf 87' lang='lat' dir='ltr'>Pariter</span> <span class='ocrx_word' id='word_1_141' title='bbox 685 2959 937 3036; x_wconf 86' lang='lat' dir='ltr'>temperantem,</span> <span class='ocrx_word' id='word_1_142' title='bbox 971 2952 1111 3039; x_wconf 85' lang='lat' dir='ltr'>quamvis</span> <span class='ocrx_word' id='word_1_143' title='bbox 1140 2950 1292 3030; x_wconf 84' lang='lat' dir='ltr'>divitem,</span> 
     </span>
     <span class='ocr_line' id='line_1_21' title="bbox 336 3069 1293 3161; baseline -0.002 -23"><span class='ocrx_word' id='word_1_144' title='bbox 336 3069 593 3161; x_wconf 83' lang='lat' dir='ltr'>patremfamilias</span> <span class='ocrx_word' id='word_1_145' title='bbox 615 3091 802 3158; x_wconf 78' lang='lat' dir='ltr'>cognoscere</span> <span class='ocrx_word' id='word_1_146' title='bbox 821 3071 916 3150; x_wconf 82' lang='lat' dir='ltr'>licet,</span> <span class='ocrx_word' id='word_1_147' title='bbox 951 3073 975 3135; x_wconf 95' lang='lat' dir='ltr'>si</span> <span class='ocrx_word' id='word_1_148' title='bbox 998 3073 1152 3137; x_wconf 88' lang='lat' dir='ltr'>rationem</span> <span class='ocrx_word' id='word_1_149' title='bbox 1185 3071 1293 3136; x_wconf 83' lang='lat' dir='ltr'>consi·</span> 
     </span>
    </p>
   </div>
   <div class='ocr_carea' id='block_1_4' title="bbox 335 3197 1294 3398">
    <p class='ocr_par' dir='ltr' id='par_1_4' title="bbox 335 3197 1294 3398">
     <span class='ocr_line' id='line_1_22' title="bbox 337 3197 1294 3292; baseline -0.006 -26"><span class='ocrx_word' id='word_1_150' title='bbox 337 3203 447 3282; x_wconf 68' lang='lat' dir='ltr'>oleras,</span> <span class='ocrx_word' id='word_1_151' title='bbox 471 3223 532 3292; x_wconf 89' lang='lat' dir='ltr'>qua</span> <span class='ocrx_word' id='word_1_152' title='bbox 554 3199 676 3266; x_wconf 73' lang='lat' dir='ltr'>Atticus</span> <span class='ocrx_word' id='word_1_153' title='bbox 706 3199 739 3263; x_wconf 91' lang='lat' dir='ltr'>in</span> <span class='ocrx_word' id='word_1_154' title='bbox 769 3199 935 3277; x_wconf 88' lang='lat' dir='ltr'>omnibus,</span> <span class='ocrx_word' id='word_1_155' title='bbox 972 3222 1048 3288; x_wconf 86' lang='lat' dir='ltr'>quos</span> <span class='ocrx_word' id='word_1_156' title='bbox 1080 3211 1148 3264; x_wconf 83' lang='lat' dir='ltr'>tum</span> <span class='ocrx_word' id='word_1_157' title='bbox 1189 3197 1294 3262; x_wconf 83' lang='lat' dir='ltr'>cultus</span> 
     </span>
     <span class='ocr_line' id='line_1_23' title="bbox 335 3319 1289 3398; baseline -0.004 -10"><span class='ocrx_word' id='word_1_158' title='bbox 335 3323 523 3388; x_wconf 87' lang='lat' dir='ltr'>domesticus</span> <span class='ocrx_word' id='word_1_159' title='bbox 540 3320 757 3398; x_wconf 88' lang='lat' dir='ltr'>desiderabat,</span> <span class='ocrx_word' id='word_1_160' title='bbox 781 3319 954 3386; x_wconf 85' lang='lat' dir='ltr'>artificibus</span> <span class='ocrx_word' id='word_1_161' title='bbox 979 3319 1137 3388; x_wconf 85' lang='lat' dir='ltr'>utebatur.</span> <span class='ocrx_word' id='word_1_162' title='bbox 1185 3319 1289 3386; x_wconf 90' lang='lat' dir='ltr'>Nam-</span> 
     </span>
    </p>
   </div>
   <div class='ocr_carea' id='block_1_5' title="bbox 335 3439 1285 3530">
    <p class='ocr_par' dir='ltr' id='par_1_5' title="bbox 335 3439 1285 3530">
     <span class='ocr_line' id='line_1_24' title="bbox 335 3439 1285 3530; baseline -0.002 -24"><span class='ocrx_word' id='word_1_163' title='bbox 335 3463 396 3528; x_wconf 86' lang='lat' dir='ltr'>que</span> <span class='ocrx_word' id='word_1_164' title='bbox 428 3440 483 3504; x_wconf 87' lang='lat' dir='ltr'>hos</span> <span class='ocrx_word' id='word_1_165' title='bbox 512 3461 574 3503; x_wconf 90' lang='lat' dir='ltr'>non</span> <span class='ocrx_word' id='word_1_166' title='bbox 604 3439 791 3504; x_wconf 85' lang='lat' dir='ltr'>extrinsecus</span> <span class='ocrx_word' id='word_1_167' title='bbox 815 3463 926 3528; x_wconf 86' lang='lat' dir='ltr'>magno</span> <span class='ocrx_word' id='word_1_168' title='bbox 942 3442 1045 3529; x_wconf 90' lang='lat' dir='ltr'>pretio</span> <span class='ocrx_word' id='word_1_169' title='bbox 1076 3453 1201 3530; x_wconf 87' lang='lat' dir='ltr'>emptos</span> <span class='ocrx_word' id='word_1_170' title='bbox 1226 3439 1285 3505; x_wconf 85' lang='lat' dir='ltr'>sib&#39;r</span> 
     </span>
    </p>
   </div>
   <div class='ocr_carea' id='block_1_6' title="bbox 266 3557 1292 3772">
    <p class='ocr_par' dir='ltr' id='par_1_6' title="bbox 266 3557 1292 3772">
     <span class='ocr_line' id='line_1_25' title="bbox 334 3557 1290 3646; baseline -0.001 -20"><span class='ocrx_word' id='word_1_171' title='bbox 334 3559 454 3627; x_wconf 86' lang='lat' dir='ltr'>studuit</span> <span class='ocrx_word' id='word_1_172' title='bbox 475 3580 678 3646; x_wconf 86' lang='lat' dir='ltr'>comparare,</span> <span class='ocrx_word' id='word_1_173' title='bbox 710 3557 763 3622; x_wconf 89' lang='lat' dir='ltr'>sed</span> <span class='ocrx_word' id='word_1_174' title='bbox 795 3581 900 3626; x_wconf 90' lang='lat' dir='ltr'>omnes</span> <span class='ocrx_word' id='word_1_175' title='bbox 935 3559 1021 3624; x_wconf 89' lang='lat' dir='ltr'>domi</span> <span class='ocrx_word' id='word_1_176' title='bbox 1056 3559 1167 3626; x_wconf 86' lang='lat' dir='ltr'>habuit</span> <span class='ocrx_word' id='word_1_177' title='bbox 1200 3573 1290 3625; x_wconf 91' lang='lat' dir='ltr'>natos</span> 
     </span>
     <span class='ocr_line' id='line_1_26' title="bbox 266 3673 1292 3772; baseline -0.006 -24"><span class='ocrx_word' id='word_1_178' title='bbox 266 3673 270 3677; x_wconf 55' lang='grc'><strong>’</strong></span> <span class='ocrx_word' id='word_1_179' title='bbox 335 3682 483 3772; x_wconf 88' lang='lat' dir='ltr'>domique</span> <span class='ocrx_word' id='word_1_180' title='bbox 513 3681 620 3748; x_wconf 81' lang='lat' dir='ltr'>factos.</span> <span class='ocrx_word' id='word_1_181' title='bbox 691 3679 871 3747; x_wconf 71' lang='lat' dir='ltr'>bonitatem</span> <span class='ocrx_word' id='word_1_182' title='bbox 901 3682 1004 3770; x_wconf 87' lang='lat' dir='ltr'>magis</span> <span class='ocrx_word' id='word_1_183' title='bbox 1026 3701 1120 3768; x_wconf 87' lang='lat' dir='ltr'>quarn</span> <span class='ocrx_word' id='word_1_184' title='bbox 1156 3680 1292 3744; x_wconf 86' lang='lat' dir='ltr'>formam</span> 
     </span>
    </p>
   </div>
   <div class='ocr_carea' id='block_1_7' title="bbox 275 3839 1297 4136">
    <p class='ocr_par' dir='ltr' id='par_1_7' title="bbox 275 3839 1297 4136">
     <span class='ocr_line' id='line_1_27' title="bbox 361 3839 774 3934; baseline 0.015 -21"><span class='ocrx_word' id='word_1_185' title='bbox 361 3839 382 3892; x_wconf 33' lang='lat'>&#39;¹</span> <span class='ocrx_word' id='word_1_186' title='bbox 424 3865 508 3930; x_wconf 80' lang='lat' dir='ltr'>Nepos</span> <span class='ocrx_word' id='word_1_187' title='bbox 525 3883 550 3918; x_wconf 81' lang='lat' dir='ltr'>c.</span> <span class='ocrx_word' id='word_1_188' title='bbox 570 3861 774 3934; x_wconf 71' lang='lat' dir='ltr'>tllV.§1,2&#39;.</span> 
     </span>
     <span class='ocr_line' id='line_1_28' title="bbox 275 3960 1297 4033; baseline -0.001 -20"><span class='ocrx_word' id='word_1_189' title='bbox 275 3997 279 4005; x_wconf 89' lang='lat'><em>-</em></span> <span class='ocrx_word' id='word_1_190' title='bbox 372 3968 382 4000; x_wconf 88' lang='lat'>²</span> <span class='ocrx_word' id='word_1_191' title='bbox 423 3965 508 4030; x_wconf 84' lang='lat' dir='ltr'>Nepos</span> <span class='ocrx_word' id='word_1_192' title='bbox 526 3983 548 4020; x_wconf 81' lang='lat' dir='ltr'>c.</span> <span class='ocrx_word' id='word_1_193' title='bbox 570 3963 642 4022; x_wconf 80' lang='lat' dir='ltr'>lllll,</span> <span class='ocrx_word' id='word_1_194' title='bbox 664 3969 729 4033; x_wconf 71' lang='lat' dir='ltr'>pl,</span> <span class='ocrx_word' id='word_1_195' title='bbox 750 3967 775 4016; x_wconf 68' lang='lat'>2.</span> <span class='ocrx_word' id='word_1_196' title='bbox 795 3964 943 4017; x_wconf 55' lang='lat' dir='ltr'>cucumae</span> <span class='ocrx_word' id='word_1_197' title='bbox 957 3964 1027 4029; x_wconf 72' lang='lat' dir='ltr'>legg·</span> <span class='ocrx_word' id='word_1_198' title='bbox 1038 3960 1188 4016; x_wconf 63' lang='lat' dir='ltr'>tibine.</span> <span class='ocrx_word' id='word_1_199' title='bbox 1202 3960 1297 4028; x_wconf 54' lang='lat' dir='ltr'>Mle</span> 
     </span>
     <span class='ocr_line' id='line_1_29' title="bbox 373 4056 746 4136; baseline 0.013 -23"><span class='ocrx_word' id='word_1_200' title='bbox 373 4056 383 4088; x_wconf 76' lang='lat'><em>³</em></span> <span class='ocrx_word' id='word_1_201' title='bbox 423 4064 508 4128; x_wconf 78' lang='lat' dir='ltr'>Nepos</span> <span class='ocrx_word' id='word_1_202' title='bbox 538 4081 561 4116; x_wconf 88' lang='lat' dir='ltr'>c.</span> <span class='ocrx_word' id='word_1_203' title='bbox 590 4060 746 4136; x_wconf 67' lang='lat' dir='ltr'>XIV,§3.</span> 
     </span>
    </p>
   </div>
   <div class='ocr_carea' id='block_1_8' title="bbox 0 0 1524 5146">
    <p class='ocr_par' dir='ltr' id='par_1_8' title="bbox 0 0 1524 5146">
     <span class='ocr_line' id='line_1_30' title="bbox 0 0 1524 5146; baseline 0 4"><span class='ocrx_word' id='word_1_204' title='bbox 0 0 1524 5146; x_wconf 95' lang='lat' dir='ltr'> </span> 
     </span>
    </p>
   </div>
  </div>
 </body>
</html>
