2970 5144
556 621 710 734 'aa

242 847 351 946 Neque
380 867 483 918 tamen
516 851 664 930 articus,
703 821 855 939 quamdiu
891 835 990 914 lloma
1037 845 1139 912 abluit
1153 825 1165 926 ‚⁸

111 1013 115 1024 ι
196 979 370 1044 urbicorum
389 998 438 1042 res
460 975 646 1065 urbanaque
670 974 772 1040 officia
794 973 942 1064 neglexit.
983 969 1050 1039 uni
1075 972 1161 1038 enim

198 1097 328 1166 Athenis
350 1098 423 1164 satis
444 1099 551 1165 multis
583 1095 718 1187 negotiis
743 1109 811 1162 erat
834 1097 1032 1187 impeditus,
1057 1095 1082 1163 si
1105 1087 1165 1187 qui

198 1236 300 1287 tamen
327 1245 363 1286 er
394 1223 460 1309 ejus
490 1221 698 1287 familiaribus
731 1213 781 1285 rel
812 1217 1017 1286 Consulatum
1045 1219 1163 1286 Rornae

195 1315 346 1432 petebant
380 1343 429 1407 rel
460 1342 556 1407 alium
590 1341 750 1432 quendam
772 1342 1010 1432 magistratum,
1034 1327 1157 1409 Atticos

195 1475 318 1550 praesto
337 1461 524 1552 plerumque
545 1460 583 1527 ils
600 1463 667 1528 fair
692 1463 730 1527 arl
754 1475 929 1553 eorumque
951 1463 1077 1529 comitia
1089 1486 1164 1529 ren·

198 1583 300 1647 titarit
316 1606 323 1662 ;
340 1583 455 1660 verbo,
479 1583 576 1672 siqua
592 1606 640 1648 res
651 1581 752 1670 major
764 1596 831 1649 aeta
845 1593 890 1650 est
906 1634 915 1663 ‚
940 1607 1004 1650 non
1016 1583 1119 1649 deluit
1134 1569 1165 1654 11.

197 1701 248 1770 lta
259 1726 356 1792 quurn
371 1705 410 1788 Q.
425 1701 539 1769 Cicero
552 1703 741 1770 Aedilrtlum
760 1721 875 1771 munus
887 1720 964 1771 esset
988 1704 1164 1794 petiturus,

197 1825 331 1889 Il'omam
375 1820 576 1889 comitiorum
617 1834 758 1910 ternpore
809 1821 967 1910 proficisci
1007 1823 1114 1888 statuit
1136 1821 1164 1888 ².

196 1932 248 2015 Μ.
274 1958 378 2014 autern
401 1939 549 2012 ¹(liceroni
569 1940 752 2008 Praeturam
782 1941 935 2008 ambienti
967 1941 1068 2008 simile
1098 1940 1166 2008 offi-

194 2065 283 2138 cium
308 2049 473 2156 ¹praestare
506 2063 605 2130 voluit
637 2075 668 2127 et
700 2061 902 2153 praestitisset
945 2063 1059 2143 etiam5
1104 2062 1165 2128 nisi

194 2189 235 2254 ab
274 2185 341 2277 ipso
379 2185 486 2253 luisset
531 2181 733 2273 prohibi-tus,
769 2183 813 2248 sie
855 2182 1032 2254 scribente:
1075 2209 1095 2247 <a
1119 2184 1167 2250 Ile
1206 2255 1212 2269 ¹

195 2308 332 2373 comitiis
364 2309 442 2373 meis
476 2316 507 2373 e‘t
542 2305 600 2372 tibl
622 2327 673 2372 me
695 2309 872 2396 permisisse
900 2309 1033 2419 memini
1056 2321 1087 2375 et
1109 2305 1170 2430 ego

193 2428 388 2542 jampridem
420 2428 499 2494 hoc
515 2430 733 2494 communibus
745 2430 884 2534 amieis,
921 2430 976 2533 qul
1004 2446 1034 2497 te
1056 2425 1167 2552 exspe-

200 2560 301 2614 etant
297 2547 484 2638 p,raedieo
510 2561 541 2614 te
563 2547 815 2616 nonmodonon
850 2533 961 2618 arcessi
984 2565 1001 2616 a
1022 2540 1092 2634 me,
1115 2553 1167 2620 serl

200 2669 384 2760 prohiberi,
410 2671 494 2761 qnod
518 2669 689 2760 intellioam
715 2671 815 2738 multo
835 2672 932 2760 mauis
956 2673 1103 2739 interesse
1114 2687 1168 2738 tua

199 2809 230 2860 te
268 2817 381 2883 agere,
405 2795 490 2886 quod
526 2793 682 2884 agendum
714 2806 759 2860 est
785 2793 846 2860 hoc
876 2806 1040 2883 ternpore,
1073 2805 1167 2883 qnam
1249 2785 1253 2795 ¹

199 2925 268 2982 m'ea
295 2930 326 2980 te
344 2916 448 2982 adesse
472 2915 620 2984 comitiis.
647 2911 783 2980 Proinde
807 2933 844 2980 eo
876 2913 981 2980 animo
1014 2926 1046 2979 te
1074 2914 1167 2980 rellrn

199 3059 285 3116 esse,
311 3037 400 3126 quasi
430 3037 494 3102 rnei
515 3037 631 3126 negotii
653 3051 744 3103 nausa
766 3037 797 3101 itt
818 3037 875 3102 ista
905 3037 973 3102 lotia
998 3036 1105 3103 missus
1122 3056 1169 3106 es*

199 3179 257 3227 ses.
292 3157 344 3224 lile¹
376 3169 590 3228 autemeam
611 3168 642 3221 et
666 3156 802 3222 offendes
846 3179 916 3243 erga
940 3169 971 3222 te
993 3170 1024 3222 et
1042 3158 1170 3241 audies,

200 3277 289 3369 quasl
313 3276 415 3358 milri,
437 3279 560 3368 siquae
583 3289 803 3367 portaerem,
827 3297 890 3340 non
918 3277 1013 3342 modo
1036 3289 1167 3369 leprae·-

199 3411 308 3478 sente‚
325 3398 378 3464 sed
400 3420 458 3487 per
481 3411 512 3464 te
534 3409 620 3487 parta
644 3395 772 3467 sint³''.
795 3399 919 3464 Interea
950 3412 1057 3466 tamen
1083 3401 1168 3469 ,ttri-

200 3540 272 3583 oam
291 3541 438 3609 magnum
453 3521 542 3612 oepit
555 3522 676 3611 patriae
687 3521 773 3589 urbis
792 3520 984 3591 desiderium
999 3561 1008 3604 ,-
1029 3523 1167 3616 pristin't

199 3651 266 3704 tuna
301 3641 400 3708 turbis
431 3641 593 3712 liberatae.
643 3643 716 3710 Post
747 3642 854 3711 Sullae
885 3645 1029 3727 obitum,
1073 3673 1159 3739 qnae

200 3777 272 3823 enm
309 3757 472 3838 Sertorio,
502 3757 678 3849 Spartaco,
707 3760 817 3851 piratis
848 3763 1030 3830 exstiterant
1058 3761 1163 3848 bella,-

242 3925 251 3958 ¹
292 3935 382 4000 Nepos
399 3949 426 3984 c.
446 3930 577 4001 ΝΜ.

238 4025 249 4060 ¹
291 4030 595 4087 cte.aedder.Lib.1.
634 4033 825 4105 Esubb'la'

244 4127 256 4161 ²
295 4134 348 4186 ne,
374 4130 398 4185 1.
419 4134 467 4202 np.
490 4134 617 4204 aare
