3042 5146
693 621 740 691 87..

237 795 338 892 igitur
352 817 477 891 compos
491 797 611 875 factus,
627 794 737 861 Cicero
751 819 896 886 magnum
916 819 951 862 er
962 797 1196 886 tyrannicaede.

236 893 385 1003 gaudium
403 916 486 1004 cepit
505 915 667 1012 etpariter·
684 929 778 1006 atque
800 918 947 998 Atticus,
979 916 1034 1006 qui
1058 917 1097 981 ad
1117 939 1189 981 eum

235 1025 307 1100 satis
330 1036 433 1124 ample
457 1037 496 1100 de
517 1059 554 1101 eo
586 1027 748 1124 scripserat
780 1052 811 1104 et
843 1039 946 1104 caedis
975 1024 1192 1104 defensionem

235 1159 267 1222 in
288 1183 319 1224 se
340 1175 535 1248 susceperat,
561 1157 760 1224 vehementer
781 1161 954 1249 probabat,
990 1133 1045 1248 per
1067 1180 1099 1224 se
1118 1183 1188 1248 spe·

234 1295 370 1362 etatum,
393 1284 484 1349 Bruti
506 1271 664 1372 Cassiique
692 1283 812 1349 facinus
828 1269 863 1350 ¹.'
881 1282 993 1370 Neque
1011 1295 1082 1360 est,
1104 1279 1188 1368 quod

235 1405 267 1469 id
291 1407 338 1470 rel
361 1407 511 1470 miremur
541 1405 588 1494 rel
621 1403 654 1467 in
687 1403 792 1469 Attico
822 1403 907 1495 (nam
939 1401 978 1466 de
1008 1401 1068 1466 hoc
1098 1403 1188 1465 nobis

235 1525 420 1614 drcendum)
455 1525 654 1618 exagitemus.
711 1514 765 1604 Is,
818 1511 1008 1614 quamquam
1053 1523 1189 1590 Caesaris

236 1651 333 1736 gratiis
355 1651 525 1726 floruerat,
552 1663 700 1736 tanquam
732 1649 852 1736 patriae
881 1671 986 1712 ainans
1019 1650 1096 1713 civis
1127 1635 1188 1711 tale

235 1769 311 1859 quid
331 1793 393 1834 non
416 1769 515 1834 solum
550 1769 682 1856 probare
717 1767 875 1842 debebat,
906 1768 959 1832 sed
992 1789 1189 1855 summopere

235 1892 328 1956 etiam
351 1875 477 1956 laudare
501 1903 595 1979 atque
616 1890 738 1954 efferre.
787 1883 967 1952 Fuit'cnim
999 1911 1034 1952 ea
1065 1876 1097 1952 ct
1119 1889 1187 1953 Ro-

234 2033 342 2102 manac
373 2023 406 2104 et
437 1999 626 2076 Graecarum
659 2007 822 2073 civitatum
869 1997 1029 2101 conditio,
1069 2019 1103 2072 ut
1133 2031 1187 2073 suo

235 2112 607 2220 comrnuni'principio,
642 2127 758 2201 civium
787 2105 929 2223 universa
963 2130 1184 2192 communione

233 2264 265 2315 et
284 2251 529 2339 conjunctione,
555 2259 641 2314 tntae
663 2271 727 2345 csse
751 2261 782 2312 et
794 2247 896 2335 rigere
908 2262 1054 2336 possent,
1081 2261 1186 2335 tyran·

234 2374 308 2438 nide
326 2392 400 2437 vero
419 2373 687 2464 erortd,cessaret
706 2367 758 2433 illa
782 2369 962 2466 communio
986 2373 1114 2463 ipsaque
1137 2373 1187 2438 oi·
1265 2355 1269 2359 .

233 2492 308 2556 ritas
329 2492 366 2556 ad
396 2479 559 2556 interitum
593 2469 791 2576 vergeret2.¹
834 2486 881 2553 Ita
916 2490 1029 2555 merito
1062 2493 1187 2578 tyranni

231 2613 357 2678 caedem
378 2601 549 2676 defendisse
571 2612 669 2700 cdque
696 2603 885 2676 delectatum
905 2612 997 2677 fuisse
1017 2616 1187 2680 censendus

232 2747 286 2800 est.
316 2735 357 2800 dt
378 2735 480 2822 ipsum
501 2731 578 2797 illud
597 2721 745 2820 gandium
764 2720 835 2794 mox
853 2713 886 2794 in
910 2725 1068 2796 tristitiam
1080 2737 1184 2801 vertit.

232 2857 402 2920 Mortuum
423 2841 592 2946 tyrannum
613 2841 726 2916 ‘novus
757 2851 903 2939 excepit,
939 2873 1035 2941 quum
1071 2851 1186 2921 Consul

232 2979 386 3042 Antonius
427 2975 559 3064 supeibd
589 2951 1035 3062 *dominatione'oppressam
1066 2989 1186 3042 teneret

231 3097 390 3163 civitatem
422 3118 553 3184 eamque
585 3095 616 3159 in
640 3116 797 3162 sumntum
818 3093 999 3182 languorem
1020 3107 1051 3158 et
1072 3067 1185 3186 torpe-i

231 3195 297 3290 rem
323 3218 504 3306 conjiceret.
552 3215 748 3281 Praesiderat
783 3213 865 3308 hoc,
895 3217 1003 3282 saitem
1032 3229 1185 3281 metuerat

232 3324 365 3408 dtticus.
392 3337 550 3404 Continuo
569 3349 638 3424 post
653 3315 866 3424 perpetratam
890 3337 1019 3402 caedem
1042 3335 1185 3403 Ciceroni

232 3464 420 3552 indicaverat
436 3512 444 3539 ,
469 3473 549 3526 stare
568 3459 627 3523 sibi
642 3511 651 3537 ,
665 3480 788 3523 causam
808 3457 941 3522 civitatis
954 3509 963 3536 ‚
975 3456 1185 3544 tyrannicidio

231 3567 536 3672 egregiemnnitam,
559 3582 699 3647 funditus
719 3582 917 3670 perituram,
943 3584 967 3648 si
988 3583 1095 3647 funere
1109 3583 1185 3646 fnis-

268 3880 277 3910 ¹
318 3889 377 3941 Lib.
396 3886 469 3941 XIV.
490 3891 539 3954 Ep.
559 3889 600 3953 td.
621 3892 634 3959 §
653 3891 678 3940 9.

265 3996 277 4028 t
319 3991 449 4048 tegantur
481 4009 551 4056 quac
582 3989 633 4042 hac
663 3991 696 4040 ds
722 4009 750 4041 rc
779 3993 930 4059 disputavit
961 3995 1002 4048 ΕΙ.
1032 3997 1180 4057 iinrrsdins,

236 4091 318 4145 Hr'otr.
338 4093 361 4140 c'o
382 4093 434 4143 σίν.
455 4102 504 4139 nna
516 4127 525 4154 ,
547 4092 574 4140 itt
595 4092 693 4156 primis
713 4113 741 4158 p.
758 4093 791 4142 63
811 4111 871 4161 sqq.
