3042 5140
744 569 809 630 160

287 757 511 825 adumbrantes
539 751 621 816 haud
650 750 716 813 sine
742 746 946 813 admiratione
966 744 1125 828 animique
1158 743 1248 808 rolu-

293 893 380 969 ptate
397 874 528 942 audiuit.
556 875 582 938 Ε
602 871 751 938 Cicerone
773 892 866 961 porro
886 883 995 960 patet,
1021 869 1081 933 hoc
1108 869 1176 956 ipso
1197 890 1253 932 au-

291 1011 382 1074 ctore
404 994 545 1060 Atticum
570 1005 675 1084 postea
695 992 842 1070 Patroni,
867 991 922 1080 qui
939 989 1081 1056 Phaedro
1103 991 1137 1054 in
1160 991 1254 1056 horto

299 1129 505 1195 successerat,
552 1115 688 1180 amicum
728 1115 846 1179 factum
886 1126 1072 1204 gratumque
1115 1114 1207 1179 fuisse
1225 1118 1254 1182 ¹.

298 1238 377 1305 Inde
408 1236 530 1324 saepius
549 1257 570 1300 ¹a
602 1234 754 1302 Cicerone
782 1235 919 1324 proponi
953 1234 1075 1302 dtticus
1104 1248 1254 1324 tanquam

300 1360 472 1450 Epicureus
488 1356 623 1424 videtur.
670 1355 723 1422 Sic
749 1356 786 1421 in
814 1332 902 1422 libris
929 1357 970 1422 de
997 1357 1165 1446 Legibus,
1198 1355 1257 1424 ubi

299 1484 477 1551 Stoicorum
498 1504 584 1546 more
608 1479 727 1546 Tullius
755 1480 890 1568 stirpem.
900 1479 981 1566 juris
999 1501 1016 1541 a
1036 1490 1146 1543 natura
1165 1498 1258 1565 repe-

301 1619 367 1670 tere
389 1603 507 1668 mavult
517 1651 527 1682 ,
555 1602 716 1682 Atticum,
752 1601 840 1688 quasi
872 1600 1015 1665 deditum
1046 1598 1205 1687 Epicuro,
1240 1621 1259 1662 e

302 1730 390 1817 cujus
413 1725 575 1814 disciplina
600 1724 699 1789 omnis
732 1721 906 1812 negabatur
929 1719 1126 1810 providentia
1157 1730 1189 1782 et
1217 1719 1258 1782 ab

305 1849 453 1937 opinione
480 1860 575 1937 atque
592 1847 727 1913 utilitate
754 1858 824 1911 nata
842 1849 915 1933 jura
944 1845 1181 1926 credebantur,
1211 1843 1260 1910 his

302 1970 404 2036 verbis
421 1971 607 2057 interrogata
636 1967 771 2031 «Dasne
799 1966 898 2056 igitur
928 1965 988 2031 hoc
1017 1965 1131 2044 nobis,
1165 1963 1261 2030 Pom·

303 2091 403 2180 poni,
439 2090 577 2154 Deorum
606 2087 829 2154 immortalium
855 2091 938 2154 niet
959 2101 1091 2168 natura,
1115 2088 1260 2170 ratione,

305 2223 480 2310 potestate,
506 2224 632 2289 mente,
657 2211 787 2276 numine
798 2260 810 2291 ,
833 2213 896 2278 sire
915 2213 991 2302 quid
1010 2225 1055 2278 est
1085 2212 1169 2278 aliud
1191 2236 1264 2278 rer·

307 2333 407 2408 bum,
433 2353 495 2418 quo
513 2330 636 2420 planius
658 2332 853 2421 significem,
880 2334 961 2422 quud
995 2334 1084 2412 nolo,
1118 2348 1262 2400 naturam

309 2473 433 2515 omnem
457 2452 585 2540 regila
632 2453 679 2518 Ad
701 2450 778 2518 haec
808 2453 948 2521 Atticus:
999 2453 1091 2539 «llo
1112 2477 1204 2533 sane,
1239 2456 1265 2518 si

309 2572 457 2660 postulas.
516 2572 640 2638 Etenim
667 2585 796 2662 propter
821 2570 905 2638 huno
942 2587 1129 2640 concentum
1146 2575 1264 2639 *arium

308 2689 536 2781 strepitumque
550 2692 739 2772 lluminum,
764 2713 827 2755 non
838 2713 945 2756 vereor
959 2741 968 2770 ,
980 2693 1262 2781 condiscipulorum

311 2836 350 2877 ne
373 2815 442 2902 quis
468 2814 621 2880 exandiat.
637 2839 657 2876 n
705 2812 949 2890 Tumlllarcus:
1001 2837 1022 2876 «
1036 2813 1132 2904 toqui
1155 2835 1266 2878 coven-

311 2931 386 2994 dnm
406 2945 474 3010 est;
499 2931 598 3011 solent
621 2931 728 3010 enirn,
763 2931 794 2994 id
831 2933 914 3020 quod
947 2934 1084 3000 virorum
1109 2934 1264 2998 -bonorum

312 3061 378 3131 ast,
402 3051 572 3117 admodum
595 3052 702 3119 irasci:
732 3073 790 3118 nee
811 3054 1022 3135 retulerant,
1047 3057 1072 3120 si
1087 3054 1268 3133 audierint,

314 3184 344 3235 tc
376 3172 514 3260 primurn
546 3185 640 3260 caput
676 3172 733 3236 riri
766 3171 880 3260 optimi
911 3174 1104 3262 prodidisse,
1141 3176 1173 3240 in
1204 3199 1267 3264 quo

311 3295 456 3383 scripsit,
480 3296 582 3362 Nihil
603 3317 726 3360 aurare
744 3296 848 3361 Deam
869 3319 927 3362 nec
947 3300 1071 3362 saz‘oec
1082 3299 1219 3362 alieni»
1237 3301 1266 3365 ².

311 3415 349 3479 ln
382 3414 470 3478 libris
503 3416 544 3479 de
580 3415 743 3492 Finibus,
789 3431 923 3505 'quorum
957 3423 1057 3487 sermo
1091 3432 1265 3506 postremus

314 3534 446 3600 Athenis
455 3532 571 3598 haberi
594 3535 745 3623 fingitur,
770 3559 833 3625 quo
857 3550 998 3628 tempore
1019 3530 1266 3602 ibidemstndio·

313 3676 383 3718 rum
406 3653 539 3719 marimo
566 3655 655 3720 causat
671 3651 788 3720 ·Cicero
811 3679 937 3747 quoque
958 3657 1110 3746 degebat,
1150 3656 1269 3724 Atticus

355 3889 364 3920 ¹
402 3895 465 3948 Lib.
493 3895 529 3948 V.
549 3899 582 3946 ad
598 3897 656 3952 Art.
676 3900 725 3967 Ep·
748 3901 791 3952 rl.
816 3901 878 3968 56.

355 3979 366 4012 ²
408 3995 462 4045 cre.
480 3993 509 4044 re
531 3996 601 4062 regg.
623 3995 683 4049 nm.
704 3999 728 4052 r.
746 4004 815 4066 aa.
836 4001 848 4068 l
867 4003 910 4054 rr.
