2970 5144
649 653 690 716 49

183 836 348 926 pervenit,
386 847 418 898 nt
441 833 527 898 nullo
548 831 644 898 modo
676 830 852 919 periculum
883 829 1013 896 eradere
1051 851 1141 918 posse
1221 869 1224 876 ‚

186 953 485 1022 Cicero‘rideretur.
535 953 619 1018 Tum
637 974 712 1018 vero
734 953 862 1018 fuerunt
882 952 1045 1018 Terentiae
1067 976 1141 1020 urc-

185 1078 249 1156 ris,
275 1077 447 1142 liberorum
471 1086 738 1164 cognatorumque
749 1096 859 1162 preces
874 1123 883 1154 ,
908 1074 968 1141 fuit
982 1073 1143 1140 Hortensii

187 1197 287 1262 amica
317 1195 517 1274 adhortatio,
554 1195 614 1261 tuit
658 1197 799 1260 omnium
843 1196 977 1261 maxime
1006 1198 1143 1284 prudeus

186 1319 284 1394 attici
302 1318 479 1383 consilium
495 1366 506 1396 ,
531 1316 582 1382 cui
595 1319 628 1380 in
643 1329 780 1382 ertremo
792 1314 933 1404 periculo
951 1315 1070 1382 Tullius
1083 1316 1140 1382 ob-

188 1452 389 1530 sequeretur,
415 1451 450 1502 ut
475 1439 547 1526 fugai
567 1459 639 1502 suae
664 1437 754 1504 saluti
771 1436 944 1512 consuleret
969 1457 1143 1522 manusque
1171 1437 1174 1445 ’

189 1585 205 1624 a
229 1571 327 1625 semet
349 1559 521 1624 abstineret
537 1562 565 1624 ¹.

239 1677 389 1746 Cicerone
427 1681 459 1744 in
501 1680 642 1746 exsilium
672 1681 837 1768 profecto,
873 1682 996 1748 Atticus
1026 1681 1143 1748 Romae

188 1803 337 1869 remansit
358 1803 465 1891 ibique
489 1826 551 1892 quo
573 1815 717 1890 coeperat
734 1802 837 1866 studio
856 1802 948 1866 variis
968 1803 1070 1868 modis
1098 1805 1145 1868 af-

190 1925 282 1992 llictis
314 1928 380 2014 ejus
399 1927 492 1990 rebus
514 1947 694 1991 succurrere
714 1937 745 1988 et
763 1922 907 2000 mederi,
941 1922 967 1986 si
991 1945 1052 2012 qua
1081 1946 1145 2011 po-

191 2060 294 2126 terat,
319 2048 466 2134 perrexit.
516 2048 641 2110 Frustra
665 2068 735 2109 eum
760 2045 797 2109 ad
820 2067 851 2109 se
885 2045 1035 2110 inritabat
1067 2045 1147 2110 Tul-

189 2168 268 2248 lius,
294 2182 351 2246 ut,
378 2190 477 2256 quum
498 2167 623 2232 ltaliam
641 2165 837 2254 reliquisset,
861 2165 925 2230 sire
944 2187 1000 2252 per
1013 2165 1145 2254 Epirum

190 2290 248 2355 iter
268 2303 346 2356 esset
364 2289 567 2364 laciendum,
593 2274 692 2352 Attici
713 2287 868 2376 praesidio
891 2300 1049 2368 uteretur3
1083 2289 1146 2352 sire

188 2409 272 2475 ahud
293 2411 370 2498 quid
391 2409 550 2498 agendum
563 2420 663 2485 esset,
691 2408 892 2474 consiliorum
906 2413 970 2498 ejus
993 2411 1147 2476 frueretur

186 2531 419 2620 prudentia23
461 2532 596 2608 frustra,
643 2531 793 2618 inquam,
826 2531 952 2594 suerunt
986 2530 1148 2598 Ciceronis

119 2689 132 2708 ο
185 2675 305 2740 preces.
328 2651 444 2718 Merito
465 2649 591 2718 Atticus
614 2650 830 2740 intelligebat,
853 2651 935 2717 seid
971 2675 1024 2716 sun
1057 2675 1147 2740 prue-

185 2776 283 2842 sentia
305 2775 515 2853 effecturum,
538 2787 572 2838 ut
596 2773 718 2839 dolores
741 2773 870 2861 quidem
900 2772 995 2836 amici
1021 2787 1148 2861 augeret

187 2895 407 2984 potiusquam
430 2894 565 2972 levaret,
594 2895 680 2958 rnalo
704 2893 764 2982 ipsi
784 2895 904 2959 obesset
925 2894 1023 2982 magis
1054 2917 1148 2984 quarn

186 3014 348 3102 prodesset
362 3020 390 3082 ³.
439 3015 555 3081 Secum
573 3016 668 3103 igitur
691 3016 898 3082 constituerat
918 3017 1065 3096 Italiam,
1088 3017 1148 3082 nisi
1212 2993 1216 3004 ¹

183 3133 285 3198 rebus
313 3133 378 3198 fere
420 3136 622 3224 compositis,
643 3159 706 3202 uon
747 3137 934 3226 relinquere.
983 3138 1149 3204 Praedium

190 3277 284 3322 suum
316 3257 536 3346 Epiroticum,
563 3258 647 3346 quod
670 3259 707 3322 ad
741 3259 804 3322 rim
829 3271 987 3322 externam
1019 3257 1149 3345 propul-

187 3377 314 3441 sandam
339 3375 411 3443 satis
433 3391 498 3440 crat
522 3378 705 3454 munitum,
743 3363 887 3440 Ciceroni
915 3387 1062 3462 tanquam
1098 3389 1149 3440 tu-

185 3509 254 3561 tum
276 3496 489 3562 deversorium
512 3496 661 3564 offerebat
684 3501 696 3538 4
716 3522 725 3578 3
755 3499 820 3587 ipsc
838 3520 909 3562 rero
943 3521 1002 3561 nou
1026 3477 1150 3564 desine·

227 3640 236 3672 ¹
276 3645 336 3696 Lib.
367 3645 426 3696 111.
456 3649 509 3714 Ep.
529 3649 558 3713 ὃς
578 3649 628 3714 Ep.
647 3648 676 3716 43
698 3651 748 3716 Ep.
768 3653 797 3701 9.
817 3653 833 3717 ll
854 3656 879 3706 1,
900 3650 942 3703 Cf.
963 3651 1149 3702 bliddlotonus

188 3745 271 3796 Tum.
301 3747 327 3796 1.
357 3763 386 3812 p.
415 3753 466 3813 400
491 3767 533 3816 sq·
562 3757 588 3800 et
607 3749 747 3815 inprimis
766 3751 924 3801 'l‘uustallus
947 3750 990 3820 lt'p.
1009 3755 1041 3800 ad
1056 3753 1152 3802 Middr·

187 3861 216 3908 r·
236 3845 267 3898 73
286 3862 347 3911 sor·
401 3903 406 3908 .

226 3935 237 3967 ²
278 3945 493 4014 Ep.1;np.6.

228 4035 239 4068 ³
281 4040 323 4096 Cf.
343 4047 452 4100 Abekru
472 4069 533 4116 pag.
553 4055 614 4107 113.

229 4124 238 4157 ⁰
282 4147 383 4214 mut,
414 4150 608 4220 spiere.
