2970 5144
668 633 686 692 5

183 810 290 900 'quod
314 811 366 875 alii
388 809 502 900 Nepoti
521 808 733 900 reliquerant,
755 827 933 898 aggressus,
954 807 1098 874 libellum
1116 808 1156 873 de

202 931 307 996 Attico
324 942 389 996 tam
406 953 516 1020 perum
539 955 556 995 a
579 933 701 1020 Nepote
722 931 873 1019 scriptum
899 954 962 998 esse
980 931 1156 997 contende-

200 1066 270 1132 ret,
301 1066 336 1118 ut
368 1053 417 1119 sir
446 1079 462 1118 n
490 1055 629 1118 Romano
657 1055 796 1142 potnerit
829 1055 955 1122 conlisi.
1006 1055 1096 1138 Quod
1125 1055 1149 1119 si

199 1172 291 1278 hujus
321 1175 482 1263 opiniones
512 1174 658 1264 indagare
701 1188 797 1265 atque
830 1176 964 1278 argutias
1008 1176 1153 1254 refellere
1188 1221 1192 1237 .

197 1293 368 1374 vellemus,
398 1309 616 1384 praeterquam
638 1295 724 1384 quod
747 1296 938 1385 peculiarem
965 1296 997 1360 id
1018 1297 1153 1384 erigeret

198 1415 421 1504 scriptionem,
436 1429 504 1482 acto
528 1430 648 1483 tanturn
669 1439 829 1506 ageremus
855 1432 886 1483 et
907 1419 1042 1508 plurima
1064 1439 1153 1507 repe-

200 1536 292 1628 tenda
312 1549 430 1616 essent,
447 1561 527 1626 quae
538 1538 609 1604 satis
625 1537 747 1602 fortiter
764 1560 799 1602 ea
819 1538 902 1604 dere
915 1551 946 1603 et
961 1539 1062 1627 perite
1083 1539 1153 1603 lue-

198 1668 272 1721 runt
299 1655 488 1744 disputata¹.
515 1659 570 1722 His
593 1660 688 1746 igitur
710 1660 754 1723 ita
782 1659 875 1724 facile
900 1661 1152 1748 supersedemus,

199 1787 252 1852 ut,
276 1773 432 1864 Nepotem
454 1797 561 1840 rerum
580 1791 740 1844 auctorem
758 1777 923 1858 habentes,
941 1792 1038 1845 totam
1051 1802 1152 1868 quae-

196 1895 328 1960 stionem
349 1896 530 1976 mittamus,
560 1909 591 1960 et
615 1883 691 1985 qnid
714 1897 753 1961 de
776 1898 917 1986 opusculi
939 1900 1069 1987 Nepotis
1088 1899 1173 1963 fide.

197 2015 507 2081 animadvertendum
524 2015 580 2094 sit,
604 2016 737 2082 strictim
757 2017 941 2084 indicemus.

241 2138 353 2227 ltaque
383 2151 467 2204 tanta
500 2150 531 2204 et
566 2151 628 2201 tem
651 2137 812 2203 familiaris
835 2137 1027 2204 consuetudo
1053 2159 1152 2227 quum
1192 2219 1195 2224 .

197 2253 352 2346 Nepotem
376 2257 460 2322 inter
490 2269 521 2321 et
546 2258 756 2347 Pomponium
779 2259 1010 2340 intercesserit,
1040 2260 1150 2349 sequi-

196 2389 248 2441 tur
260 2425 269 2454 ,
282 2387 317 2440 ut
335 2397 414 2463 quee
430 2376 469 2439 de
489 2373 584 2464 hujus
602 2377 693 2441 rebus
713 2377 767 2441 ille
785 2379 928 2467 scripsit,
949 2403 984 2445 ea
1007 2390 1151 2446 accurate

198 2497 333 2562 scribere
342 2499 493 2587 potuerit.
518 2500 590 2587 lpse
599 2522 646 2564 res
665 2474 762 2588 gestas
774 2501 841 2588 ejus
850 2499 899 2564 rel
912 2499 990 2566 vidit
1002 2499 1050 2574 rel
1063 2512 1149 2566 certo

195 2616 299 2704 potuit
321 2637 524 2706 cognoscere,
548 2618 710 2706 ingenium
732 2619 799 2708 ipse
814 2633 957 2708 expertus
980 2630 1026 2688 est
1046 2633 1077 2685 et
1096 2644 1148 2687 er-

191 2738 347 2826 plorerit,
376 2738 491 2827 scripta
520 2738 664 2827 perlegit.
736 2737 828 2804 uides
859 2750 963 2804 autem
996 2740 1146 2830 Nepotis,

192 2878 285 2946 quem
318 2858 350 2920 in
383 2858 492 2923 ceteris
524 2859 616 2936 vitis,
657 2882 732 2948 quas
763 2860 941 2948 superstites
972 2859 1145 2938 hahemus,

190 2980 294 3047 ubivis
314 2981 381 3045 lere
400 3004 543 3070 magnam
563 2981 670 3069 prodit
685 2987 715 3059 ²,
737 2981 835 3059 lacit,
855 2981 948 3047 utrel
960 2980 1036 3047 hin-c
1053 3002 1144 3069 prae·
1183 3050 1190 3062 ,

192 3099 273 3164 clare
284 3099 398 3166 sentire
415 3099 454 3164 de
466 3099 579 3165 Attici
599 3105 672 3166 vite
694 3100 783 3164 nobis
803 3101 920 3178 liceat,
941 3101 1006 3166 imo
1027 3103 1145 3188 majora

189 3279 221 3331 C.
240 3276 330 3349 Nepoti
346 3277 499 3330 adscribitur.
517 3275 653 3327 Libellum
666 3310 676 3341 ‚
689 3278 738 3343 qui
750 3275 855 3342 prodiit
866 3277 1046 3328 Vratislaviae
1059 3279 1125 3330 1826
1132 3315 1142 3342 ,

189 3395 350 3446 comparare
379 3375 451 3427 mihi
481 3393 534 3427 non
563 3375 661 3442 potui;
690 3373 751 3444 ejus
770 3383 861 3430 tamen
880 3373 1013 3425 rationem
1031 3377 1145 3438 cognovi

189 3493 220 3528 ex
250 3478 308 3541 iis,
336 3494 408 3542 quoe
436 3463 689 3530 aLieberknelmio
707 3475 810 3543 passim
829 3482 980 3539 notentur,
999 3477 1146 3542 inprimis

189 3595 251 3644 pag.
269 3577 303 3630 52
319 3595 383 3653 sqq·
420 3576 499 3628 Idem
527 3574 710 3628 consulendus
729 3593 838 3642 quoque
856 3581 896 3626 cst
914 3575 947 3624 de
965 3578 1062 3626 ceteris
1075 3575 1145 3624 Viris

187 3675 324 3740 cruditis,
347 3675 397 3742 qui
415 3677 511 3743 Nepoti
530 3681 603 3727 retain
621 3677 703 3726 Attici
720 3677 895 3740 denegarunt.

229 3766 249 3844 ¹-
279 3775 353 3826 Fecit
371 3775 607 3826 Lieberltuelrnius
625 3775 646 3826 l.
665 3773 688 3827 l.
736 3777 739 3786 ⁴

226 3872 236 3904 ²
276 3872 316 3924 Ile
335 3875 388 3924 fide
406 3877 516 3942 Nepotis
536 3875 642 3938 legatur
663 3875 738 3925 Doct.
752 3873 863 3925 Elrlrer.
883 3875 946 3944 disq.
959 3879 1012 3926 crit.
1024 3877 1054 3926 de
1059 3879 1144 3938 sonti&

187 3973 228 4022 bns
248 3985 272 4021 et
290 3977 431 4024 auctoritate
451 3975 481 4026 C.
492 3975 593 4043 Nepotis
606 4011 615 4038 ,
636 3982 761 4038 argenteo
776 3974 899 4039 praemio
913 3982 1007 4024 ornata
1021 3993 1035 4024 a
1049 3975 1144 4024 Societ.

187 4072 396 4141 Rheno-Traj.,
430 4075 458 4124 in
478 4072 558 4142 cujus
577 4075 691 4127 Actorum
712 4080 799 4126 exstat
816 4077 844 4125 Ρ.
864 4070 919 4128 ΙΙΙ.
938 4092 966 4139 p.
987 4074 1034 4124 193
1054 4089 1115 4137 sqq.
