3042 5140
297 596 321 654 l(
360 593 409 626 ”“”“1

244 757 250 764 ’
341 775 426 838 llaec
459 776 525 840 lere
549 775 588 840 de
610 775 760 844 historico
784 780 839 845 illo
863 783 961 848 Attici
982 788 1177 856 monimento
1196 791 1261 857 ho-

299 895 414 984 dieque
445 897 569 984 cognita
600 912 696 979 sunt,
728 901 813 990 quod
840 905 897 968 sub
919 926 1037 970 annum
1058 910 1098 975 U.
1126 909 1164 980 G.
1190 918 1256 978 707

297 1018 351 1104 (t.
388 1017 425 1087 C.
463 1021 519 1104 47)
544 1023 722 1088 conlectum
746 1024 929 1114 editumque
952 1027 1045 1094 fuisse
1066 1053 1083 1094 e
1105 1029 1259 1098 Cicerone

295 1141 442 1228 colligere
468 1143 542 1208 licet
559 1145 589 1212 ¹.
636 1143 722 1207 Illius
752 1158 857 1210 autern
881 1148 1178 1238 praestantiamque
1201 1175 1259 1216 au·

297 1399 325 1446 p.
355 1381 429 1444 391,
459 1396 593 1430 annorum
618 1378 870 1446 computationibus
879 1417 890 1444 ‚
921 1380 955 1428 ab
985 1381 1075 1430 Attico
1107 1381 1258 1450 confectis,

298 1475 456 1530 Ciceronem
479 1480 506 1528 in
523 1481 598 1529 Bruto
615 1497 695 1530 usum
713 1478 807 1532 luisse.
833 1478 865 1530 Iu
883 1480 995 1530 eandem
1017 1483 1177 1534 sententiam
1196 1483 1257 1552 jam

299 1579 408 1645 pridem
440 1579 539 1629 abiisse
569 1578 694 1643 Pighium
728 1579 1042 1642 video,Aaaal.Tom.
1064 1580 1260 1650 1.Lib.1.p.

301 1676 343 1731 13.
373 1681 484 1729 Summo
512 1685 602 1729 autem
636 1679 666 1729 id
690 1684 777 1744 potest
795 1678 858 1747 jure
876 1679 991 1744 colligi,
1010 1681 1135 1747 mihique
1159 1687 1260 1735 contir-

300 1782 373 1830 'mari
401 1781 430 1829 iu
456 1780 555 1845 primis
584 1779 695 1828 videtur
721 1797 745 1828 e.
772 1774 878 1830 XVlIl.
909 1783 925 1846 §
951 1779 985 1835 72
1004 1789 1029 1830 et
1047 1801 1073 1833 e.
1090 1780 1160 1832 XlX.
1179 1785 1195 1849 §
1216 1782 1261 1848 74.

299 1882 446 1942 Ceterum,
473 1863 544 1945 quae
566 1878 587 1929 l.
613 1877 634 1926 1.
652 1876 754 1930 Brutos
776 1877 810 1926 de
833 1895 930 1941 magna
954 1880 1038 1934 Attici
1057 1879 1086 1929 in
1104 1881 1259 1945 indagando

298 1977 443 2032 historiam
472 1976 614 2039 diligentia
643 1975 863 2039 animadvertit,
889 1994 919 2025 ca
945 1974 1059 2026 aliunde
1092 1978 1176 2028 etiam
1206 1999 1261 2030 au·

298 2081 455 2130 ctoritatem
476 2078 528 2128 sibi
547 2075 704 2127 conciliant.
741 2075 816 2124 Nihil
835 2076 908 2125 cuim
926 2075 990 2126 falsi
1010 2079 1131 2130 Atticum
1150 2079 1193 2131 vel
1210 2099 1259 2132 su-

301 2177 387 2245 specti
413 2178 441 2226 in
463 2177 594 2227 historico
614 2175 730 2238 tulisse,
750 2175 879 2224 docemur
903 2177 1033 2240 adraso,
1059 2196 1082 2229 c.
1101 2177 1145 2232 Xl.
1164 2182 1179 2246 §
1197 2179 1255 2246 44,

300 2281 349 2330 ubi
379 2286 490 2345 propter
516 2276 702 2343 scrupulosam
735 2271 905 2337 diligentiam
935 2295 949 2324 a
985 2278 1113 2327 Cicerone
1149 2277 1255 2327 dicitur

301 2397 378 2430 rerum
406 2379 564 2426 Romanarum
595 2387 677 2426 auctor
701 2377 907 2440 religiosissimus.
952 2375 1027 2441 Quod
1059 2379 1082 2426 si
1111 2375 1185 2427 hisce
1204 2378 1255 2427 ad·

269 2473 273 2480 '
302 2479 425 2541 uideris,
464 2495 535 2544 <puae
575 2496 599 2526 c.
637 2473 723 2526 LXXX
758 2491 799 2541 sq.
831 2478 846 2542 4
876 2474 995 2543 292-ss
1022 2476 1071 2529 297
1101 2476 1151 2526 sub
1173 2477 1256 2528 Attici

300 2571 388 2645 ipsius
408 2593 520 2643 persona
540 2577 737 2642 disputantur,
757 2592 819 2624 eum
843 2577 871 2623 in
893 2579 1014 2624 veterum
1034 2592 1128 2625 rerum
1147 2576 1256 2642 disqui-

303 2677 401 2728 sitione
425 2679 528 2743 egregie
555 2692 581 2726 aa
606 2675 702 2725 critica
731 2676 875 2727 severitate
904 2680 930 2722 ct
961 2674 1014 2724 fide
1034 2676 1254 2742 commendasse,

301 2777 383 2844 plane
401 2777 452 2829 tibi
473 2774 587 2826 habebis
597 2790 769 2840 persuasum.

343 2876 351 2910 ¹
391 2880 411 2928 E
440 2878 500 2931 Lib.
526 2873 566 2927 lv
592 2877 665 2925 cuim
691 2875 741 2938 Ep.
769 2875 802 2924 16
831 2878 964 2939 apparet,
992 2871 1125 2923 Ciceronis
1143 2873 1172 2923 de
1192 2875 1256 2942 Itep.

302 2978 389 3027 libros
407 2975 541 3043 prodiisse
560 2977 593 3025 Δ.
616 2975 648 3025 U.
667 2975 695 3027 C.
717 2976 768 3027 700
783 2970 831 3042 (A.
850 2975 879 3024 C.
896 2972 944 3040 54)
959 2972 1049 3038 iisque
1067 2973 1134 3039 ipsis
1149 2972 1253 3024 Atticus

302 3094 329 3127 so
349 3073 499 3142 impulsum
522 3080 603 3140 alque
628 3076 767 3124 incensum
788 3075 826 3123 ait
854 3074 1007 3123 adactorum
1032 3075 1158 3123 annalium
1191 3073 1253 3141 (pro

304 3183 440 3244 corruptis
460 3174 503 3227 his
524 3173 631 3238 legam,
656 3193 732 3224 rerum
751 3175 908 3232 Romanarum
936 3170 975 3221 Cf·
993 3190 1018 3222 c.
1037 3168 1084 3227 XI.
1106 3169 1252 3240 §dilma-

301 3283 396 3332 moriam
410 3278 670 3349 comprehendendam,
690 3277 758 3326 Brut.
778 3294 801 3326 c.
820 3275 850 3329 V.
870 3275 883 3342 §
903 3276 946 3327 19.
982 3274 1144 3324 Absolutum
1157 3283 1248 3324 autem

301 3400 368 3451 opus
394 3389 434 3433 est
457 3388 518 3431 ante
545 3396 646 3429 annum
669 3379 699 3426 ll·
726 3380 753 3427 C.
782 3379 832 3431 508
856 3373 902 3444 (A.
926 3372 956 3426 C.
976 3371 1044 3440 46),
1063 3391 1118 3440 quo
1134 3374 1254 3424 Oratorem

300 3489 405 3539 editum
430 3483 568 3536 novimus.
602 3483 672 3531 Tum
694 3486 784 3528 autem
815 3494 906 3528 recens
935 3474 1018 3526 fuisse
1049 3471 1155 3524 editum
1178 3472 1253 3522 haud

303 3588 358 3636 scio
386 3599 420 3632 an
448 3581 517 3632 effici
545 3580 629 3646 possit
662 3595 693 3627 ex
723 3577 927 3640 admiratione,
955 3593 1011 3641 qua
1049 3578 1141 3640 aperte
1176 3580 1203 3622 et
1224 3573 1253 3622 iu

198 3677 204 3686 '
305 3682 356 3732 hoc
390 3680 465 3731 libro
489 3687 515 3729 et
544 3682 572 3728 in
604 3678 703 3740 Bruto,
735 3675 784 3742 qui
812 3693 881 3728 anno
909 3675 1019 3726 circiter
1045 3681 1106 3740 post
1130 3673 1253 3740 prodiit,

289 3784 441 3852 'Pomponii
467 3782 562 3832 laudes
593 3781 733 3845 celebrat5
768 3779 841 3845 quod
871 3797 884 3828 e
915 3776 996 3826 dictis
1029 3773 1139 3836 Tullii,
1170 3773 1251 3824 modo

303 3884 417 3949 allatis,
453 3899 584 3950 perquam
622 3877 774 3932 verisimile
803 3878 939 3933 redditur.
985 3878 1056 3942 Quae
1084 3874 1156 3923 enim
1184 3875 1254 3924 Brut.

302 4006 326 4037 c.
347 3984 402 4035 ΙΙΙ.
421 3986 436 4049 d
458 3985 487 4033 13
507 3984 563 4049 εἰς
585 3985 614 4032 15
634 3982 666 4030 do
687 3981 741 4030 suis
761 3978 965 4030 calamitatibus
987 3975 1131 4042 loquitur,
1150 3991 1179 4022 ea
1201 3987 1253 4022 non

302 4088 355 4138 nisi
385 4084 417 4134 ad
447 4082 550 4133 cladem
579 4077 804 4149 Pompejauorunr
829 4085 889 4143 post
911 4075 1093 4127 Pharsalicam
1114 4089 1253 4140 pugnarn,
