3042 5146
685 617 745 678 llll

238 786 356 876 luerit,
379 792 492 884 possim
516 793 718 870 monuimus,
754 804 789 858 ut
817 803 1027 881 eorepetete
1059 816 1121 858 non
1152 779 1193 861 sil

237 939 325 1005 opus.
374 914 478 980 Potuit
502 918 585 980 enim
621 913 717 993 inde‚-
744 926 807 979 tom
840 914 872 978 in
890 914 1067 982 domesticis
1094 939 1189 1007 quam

236 1039 270 1102 in
291 1035 435 1104 civilibus
455 1033 588 1124 negotiis
608 1032 793 1099 Ciceronem
816 1033 968 1100 assiduum
999 1059 1035 1101 eo
1065 1036 1190 1102 fidelem

236 1158 335 1225 Attici
365 1179 472 1223 curem
506 1157 583 1224 adeo
621 1157 778 1247 praeclare
798 1159 903 1226 *fuisse
933 1172 1117 1250 expertum,
1152 1172 1187 1225 ut

234 1276 320 1342 nullo
344 1298 484 1365 unquam
503 1276 535 1340 in
559 1298 593 1340 re
615 1277 729 1343 frustra
749 1279 816 1363 ejus
839 1299 964 1365 operum
987 1277 1187 1344 desiderave-

221 1400 277 1465 .rit
292 1422 301 1480 ;
329 1397 454 1488 potuit,
480 1420 542 1464 non
564 1399 667 1462 minus
691 1395 799 1462 amieis
828 1418 922 1486 quom
956 1395 1016 1460 sibi
1049 1395 1190 1464 Atticnnt

235 1519 353 1586 vixisse.
395 1517 515 1589 ,Gratus
536 1519 602 1605 ojus
625 1517 725 1588 cilicie
761 1516 879 1582 Tullius
899 1516 1057 1604 ‚agnovih
1095 1541 1190 1607 quem

235 1640 467 1707 veracissimum
490 1649 600 1702 testem
619 1637 779 1726 paulisper
794 1638 968 1707 sudiumus.
1014 1638 1086 1704 Post
1107 1638 1192 1705 (lun-

234 1762 370 1830 toletum
391 1783 504 1840 suum,
529 1773 601 1826 ante
634 1758 795 1840 exsilium,
815 1761 859 1826 sie
881 1760 920 1825 ed
944 1760 1086 1827 Atticum
1107 1762 1189 1829 scri-³

236 1881 303 1950 bit:
346 1881 505 1948 «Amoris
534 1905 606 1971 ergo
640 1905 714 1961 me,
746 1905 845 1972 quum
871 1908 889 1947 o
915 1885 1052 1956 frutemo
1082 1903 1188 1950 emoto

236 2003 469 2091 domesticoque
502 2003 649 2081 discessi,
697 2003 757 2068 tibi
785 2003 902 2092 primes
935 1983 1057 2070 deiero.-
1114 2004 1189 2068 Vidi

237 2125 340 2204 enim,
364 2123 430 2188 ridi
449 2122 638 2212 penitusque
659 2124 799 2212 perspexi
822 2123 857 2200 iu
878 2123 957 2188 meis
987 2125 1080 2189 soriis
1109 2138 1190 2190 tem··

234 2244 365 2333 poribus
392 2255 424 2308 ct
454 2240 679 2316 sollicitudines
712 2256 754 2307 et·
776 2243 998 2314 loetitiastuos.
1023 2245 1191 2312 Fuitmihi

235 2389 326 2456 suepe
351 2377 383 2432 et
403 2366 502 2432 laudis
522 2378 653 2432 nostroe,
666 2365 831 2454 gratulatio
842 2379 895 2432 tua
902 2367 1044 2453 jucundo
1055 2382 1086 2432 et
1098 2368 1192 2434 timo-

237 2489 282 2554 ris
315 2487 488 2556 consolatio
508 2498 605 2575 gruter
655 2485 737 2570 Quin
756 2483 838 2550 milri
858 2507 942 2551 nunc
954 2535 964 2568 ,
988 2499 1019 2554 te
1039 2486 1191 2571 absente,

235 2633 299 2674 non
321 2609 421 2676 solum
434 2607 624 2686 eonsilium5
649 2623 714 2694 quo
734 2617 769 2671 tu
781 2604 904 2672 excellis
921 2656 930 2687 ‚
956 2606 1010 2672 sed
1023 2609 1192 2675 etiamser·

234 2729 334 2795 monis
346 2725 588 2795 communicatio
604 2765 613 2807 ‚=
626 2741 707 2814 quoe
717 2725 798 2791 mihi
809 2727 986 2792 suavissima
998 2740 1102 2794 tecum
1112 2729 1189 2796 solet

234 2849 479 2930 esse„murime
512 2848 610 2917 deest.
635 2886 680 2898 -
704 2851 810 2938 Atque
837 2848 949 2918 hurum
971 2873 1075 2918 rerum
1104 2875 1191 2920 oom-

206 3015 209 3022 -
234 2972 490 3044 memorationem
514 2970 700 3061 verecundie
721 2993 812 3060 saepe
834 2972 999 3062 impedivit
1027 2971 1191 3063 utriusque

233 3093 390 3158 nostrdmr
438 3091 530 3158 Nunc
560 3106 665 3159 nutem
685 3075 745 3158 luit
773 3098 942 3162 necessarie
962 3109 1091 3187 propter
1121 3113 1189 3164 eum

220 3225 357 3302 purtem
372 3200 530 3301 *epistotae
552 3224 623 3277 tuoe
635 3262 644 3293 ,
668 3235 726 3302 per
745 3237 840 3302 quam
871 3225 904 3280 te
928 3238 964 3282 uc
985 3223 1094 3281 ‘mores
1122 3229 1191 3284 tuos

234 3332 317 3398 milri
357 3345 502 3423 purgatos
533 3353 569 3398 uc
588 3334 749 3422 ¹probatos
780 3357 844 3400 esse
871 3335 1027 3402 soluisti»
1053 3338 1082 3404 ¹.
1139 3335 1193 3404 Sic

238 3454 383 3520 Gioeroni
403 3453 581 3524 Attiousin
602 3452 730 3542 publica
759 3475 793 3519 re
819 3455 922 3523 socius
950 3468 982 3521 et
1008 3457 1039 3520 in
1062 3457 1192 3546 privatis

236 3580 381 3645 omnibus
402 3578 543 3646 oonsoius
568 3589 599 3642 et
633 3578 773 3644 omnium
807 3599 985 3646 sermonum
1013 3590 1044 3643 et
1067 3577 1192 3643 consili·

236 3721 326 3778 crum
353 3701 508 3791 particeps
520 3723 584 3766 esse
600 3699 718 3766 solebat
734 3705 768 3779 ²,
794 3700 918 3789 fuitque
930 3700 1056 3765 omniuo
1071 3745 1080 3780 ,
1097 3713 1191 3788 quent

275 3969 284 4002 ²
325 3977 386 4029 luiba
406 3973 431 4028 1.
449 3976 500 4043 Bp.
521 3979 563 4031 tt.
584 3977 683 4046 55-
700 3980 727 4032 7³

271 4074 282 4107 ²
325 4077 376 4144 ttp.
396 4076 437 4129 18.
456 4078 473 4144 5
492 4081 516 4130 l·
